2984 5036
680 345 834 448 13·

121 541 187 586 non
209 525 259 585 est
274 519 337 583 nisi
360 519 544 584 coniectura
561 516 705 600 quamvis
726 515 892 599 ingeniosa
912 503 1087 592 Sohaeferi,
1111 517 1209 594 quam
1230 532 1268 578 eo

119 627 251 689 firmare
274 623 415 703 studuit,
449 621 535 705 quod
556 621 623 686 illis
656 619 753 684 etiam
785 619 990 703 liturgiarum
1012 618 1212 683 vacationem
1235 617 1269 682 in

100 729 263 810 primum
293 724 447 808 ephebiae
480 745 598 790 annum
619 743 803 789 concessam
832 723 931 788 fuisse
951 723 1101 789 traditur.
1146 721 1272 802 Quibus

83 903 86 912 ¹
122 831 270 896 omnibus
292 828 451 913 reputatis
471 847 539 892 rem
570 827 619 891 ita
640 845 674 891 se
701 827 854 894 habuisse
875 831 970 909 puto,
992 833 1029 892 ut
1050 847 1110 909 per
1130 827 1271 911 priorem

88 956 94 1016 1
122 933 277 1017 ephebiae
311 953 430 998 annum
455 931 591 998 Athenis
623 929 907 998 exercitationibus
939 951 1037 1013 quum
1065 931 1270 1015 gymnastiois

92 1017 103 1156 h
122 1046 191 1102 tum
211 1037 407 1102 militaribus
430 1056 560 1119 operam
582 1035 715 1118 darent,
730 1036 861 1120 ‚deinde
882 1035 985 1101 altero
1007 1033 1087 1120 fines
1108 1040 1215 1100 terrae
1237 1039 1271 1100 et

105 1141 285 1233 lpraesidia
308 1141 491 1204 circuirent.
534 1137 701 1204 Aeschinis
720 1161 796 1206 vero
818 1142 924 1205 locum
951 1139 1000 1204 ita
1026 1137 1164 1222 explico:
1206 1157 1271 1203 non

123 1249 258 1311 interest
279 1245 419 1310 oratoris
440 1247 592 1307 accurate
614 1241 729 1325 dicere,
751 1243 905 1327 quamdiu
926 1241 968 1307 ab
987 1241 1121 1306 Athenis
1144 1241 1271 1321 afirerit,

124 1349 182 1414 sed
203 1349 237 1413 id
259 1347 362 1412 solum
384 1347 523 1430 probare
544 1348 628 1428 vult,
652 1369 686 1412 se
709 1348 822 1414 officiis
843 1345 955 1412 mihtis
977 1344 1124 1409 omnibus
1147 1343 1272 1409 satisfe-

125 1459 225 1538 cisse3
259 1475 361 1539 quare
384 1473 482 1538 quum
505 1453 603 1517 etiam
626 1452 759 1517 Athenis
782 1449 904 1534 ephebi.
919 1449 966 1514 rei
986 1448 1118 1513 militari
1141 1467 1284 1531 operam-

92 1601 96 1610 ·
126 1561 243 1625 darent
266 1565 297 1625 et
320 1555 453 1642 imperio
474 1562 690 1640 strategcrum
705 1555 827 1621 subditi
842 1558 950 1620 esseut
973 1554 1013 1638 (o.
1028 1553 1068 1632 II,
1092 1535 1125 1634 §J
1138 1553 1180 1635 1.)
1202 1552 1273 1616 iure

128 1664 226 1728 etiam
248 1665 388 1747 priorem
410 1684 527 1728 annum
549 1663 590 1730 ad
620 1663 768 1728 militiam
790 1681 882 1724 suam
903 1657 1019 1737 refert,
1052 1669 1148 1740 quam
1168 1655 1272 1720 minus
1362 1663 1364 1667 ’

127 1771 278 1832 accurate
299 1764 466 1888 vocabulis
485 1765 658 1851 περίπολος
679 1768 732 1850 τῆς
753 1761 861 1846 χώρας
881 1757 1035 1843 ἐγενόμην
1057 1759 1188 1825 indicat.

661 1939 690 2023 p.
713 1941 743 1999 4.

216 2052 265 2118 De
287 2054 411 2136 ceteris,
434 2076 516 2138 quae
537 2058 580 2122 ad
602 2058 741 2142 ephebos
754 2055 948 2140 pertineant,
970 2052 1031 2118 hoc
1051 2059 1196 2135 tempore
1219 2053 1274 2118 ad·

129 2158 260 2223 modum
279 2178 383 2241 pauca
404 2160 587 2226 traduntur.
620 2161 860 2247 Rempublicam
873 2159 1001 2242 quidem
1023 2177 1129 2222 mores
1149 2162 1186 2222 et
1206 2157 1275 2222 uni-

130 2282 256 2327 versam
268 2247 376 2328 ⁴uitam
399 2283 510 2328 eorum
531 2285 658 2331 curasse
680 2269 931 2332 consentaneum
951 2265 1018 2326 est:
1050 2260 1107 2325 sed
1128 2281 1212 2343 quae
1235 2260 1275 2326 de

133 2385 172 2429 ea
201 2386 237 2429 re
264 2366 440 2431 traduntur
470 2374 503 2432 et
533 2391 638 2452 pauca
660 2376 693 2435 et
722 2371 845 2435 incerta
873 2372 957 2432 sunt.
1011 2367 1094 2432 Nam
1122 2367 1276 2433 Isocratis

131 2469 220 2534 locus
246 2475 274 2548 7,
299 2473 350 2551 37,
374 2490 469 2552 quem
486 2471 667 2538 Bceclrhius
678 2473 798 2556 aliique
819 2471 881 2535 huo
903 2470 1093 2552 retulerunt,
1116 2492 1190 2536 mea
1206 2492 1276 2537 sen·

131 2573 235 2639 tentia
260 2574 313 2638 vix
341 2573 383 2638 ad
411 2574 553 2658 ephebos
582 2577 731 2660 pertinet.
777 2575 888 2639 Refert
910 2575 993 2639 enim
1014 2597 1112 2658 penes
1135 2577 1276 2659 Areopa·

132 2700 208 2762 gum
239 2679 414 2762 aliquando
446 2700 571 2745 morum
604 2681 783 2747 custodiam
809 2679 918 2744 fuisse.
963 2678 1025 2744 Sed
1054 2701 1152 2762 quum
1173 2699 1276 2762 neque

132 2786 166 2849 in
188 2782 296 2848 verbis
316 2782 395 2865 ipsis
418 2803 522 2864 neque
543 2784 577 2848 in
598 2786 699 2850 totius
720 2785 784 2850 loci
805 2804 889 2866 nexu
911 2790 944 2848 et
966 2784 1126 2848 sententia
1154 2783 1278 2867 aliquid

132 2888 219 2967 insit,
242 2885 328 2969 quod
351 2885 390 2974 de
413 2886 545 2969 ephebis
568 2889 709 2970 cogitare
730 2889 858 2966 iubeat,
880 2887 988 2970 potius
1010 2886 1049 2950 dc
1072 2887 1213 2952 omnium
1234 2887 1277 2951 ci·

133 2994 221 3057 vium
248 2990 408 3068 moribus,
441 3010 576 3071 quorum
607 2991 794 3074 Areopagus
827 2990 959 3072 antiquo
990 2995 1134 3072 tempore
1167 3009 1278 3054 curam

134 3094 249 3162 habuit
278 3092 457 3176 (Hermann
489 3093 611 3176 antiqq.
641 3093 730 3177 publ.
753 3099 784 3176 ἕ.
812 3098 883 3174 110,
907 3117 946 3176 gn.
973 3099 1036 3170 10.)
1069 3093 1278 3180 intelligenda

134 3205 230 3267 erunt
251 3197 350 3264 rerba
372 3194 518 3261 oratoris.

221 3303 272 3366 Ex
291 3298 533 3384 magistratibus
555 3318 646 3380 vero,
669 3301 787 3384 quibus
809 3299 1005 3384 epheborum
1026 3320 1104 3364 cura
1124 3298 1280 3363 mandata

136 3411 223 3485 erat,
259 3403 344 3470 solos
377 3404 486 3471 decem
515 3407 736 3488 sophroco'stas
763 3404 824 3470 hoc
854 3409 999 3486 tempore
1026 3403 1091 3466 iam
1112 3402 1279 3467 institutos

136 3508 236 3573 fuisse
257 3528 316 3590 pro
338 3513 425 3573 certo
448 3510 575 3574 scimus.
619 3509 771 3575 Fortasse
793 3508 891 3572 etiam
913 3505 970 3571 alii
989 3507 1119 3571 fuerumt
1133 3506 1184 3590 ¹²).

224 3610 360 3675 Praeter
380 3632 449 3677 rem
469 3612 640 3678 militarem
669 3613 815 3697 inprimis
840 3612 1049 3695 ppmuosticis
1079 3609 1246 3674 exercitati
1267 3644 1279 3657 ·

138 3714 233 3780 nibus
265 3735 396 3798 operam
427 3715 554 3782 dedisse
589 3715 730 3802 ephebos
752 3719 821 3782 iure
844 3715 973 3798 quidem
999 3713 1080 3778 dixit
1100 3711 1281 3778 Boeclrhius

147 3865 345 3874 ..-—..----—-

213 3941 257 4010 12)
275 3941 316 3994 De
333 3939 511 4010 sephronistis
528 3961 555 3997 1.
573 3960 598 3997 c.
615 3944 642 3996 11
659 3943 684 4012 ξ.
702 3945 728 3996 5.
762 3943 907 4002 Praeterea
920 3938 1072 3993 Boeclrhius
1090 3939 1173 3994 etiam
1191 3941 1281 4010 ἐπιμε-

140 4031 215 4096 λητὰς
231 4031 283 4084 τῶν
304 4034 413 4101 {oddar
436 4030 517 4084 fuisse
540 4031 635 4085 statuit
658 4028 888 4098 exDinareh.3‚
908 4029 940 4080 15
965 4026 1044 4078 καὶὸ
1068 4026 1120 4098 μὲν
1143 4026 1228 4096 δῆμος
1247 4055 1281 4067 -

140 4118 371 4190 ἀπεχειροτόνησεν
390 4117 470 4172 αὐτῦν
486 4116 540 4171 ἀπὸ
558 4117 599 4183 τῆς
617 4118 668 4169 τῶν
685 4119 794 4187 ἐφήβων
810 4116 967 4187 ἐπιμελείας.
1001 4115 1105 4169 Tamen
1122 4115 1164 4168 his
1182 4131 1283 4169 nomen

140 4210 230 4279 ipsum
251 4211 370 4264 muneris
391 4209 503 4265 alicuius
532 4208 666 4262 contineri
692 4224 747 4261 uon
768 4211 844 4276 puto.
880 4203 957 4274 (Ἅρχ.
979 4205 1022 4272 ἐφ.
1047 4221 1104 4273 nep.
1124 4211 1147 4255 Β
1165 4203 1209 4272 ἀρ.
1230 4205 1282 4260 199

141 4301 195 4357 τοῖς
220 4298 281 4367 περὶ
302 4298 346 4364 τὴν
368 4298 517 4370 ἐπιμέλειαν
542 4295 629 4349 αὐτῶν
654 4297 821 4367 τεταγμένοις
843 4295 861 4347 i.
880 4311 905 4345 e.
936 4292 1060 4362 ommibus
1083 4291 1228 4360 praefectis
1254 4296 1282 4346 et

139 4386 278 4457 magistris
293 4387 480 4456 epheborum).
