2984 5036
771 251 811 312 74

101 461 104 466 -
220 433 376 479 annorum
398 435 532 482 numero
562 417 733 484 interiecto
754 419 876 486 maiore
906 417 1076 502 splendore
1098 419 1178 486 baec
1200 437 1300 484 sacra
1321 441 1372 484 ce·

223 505 454 586 lebrata'esse.

309 626 338 686 7.
385 623 611 708 &studiis-ssu
631 647 652 692 a
673 625 830 710 Septimio
851 626 969 693 Severo
997 627 1032 690 in¹
1052 625 1206 692 honorem
1226 625 1371 690 filiorum

146 817 153 824 ἱ
226 725 413 794 Garacallae
435 733 469 794 et
490 728 593 796 Getae
615 723 839 818 instituta'(G.
861 731 886 796 Ι.
902 730 969 796 [tr.
992 734 1065 794 245.
1089 733 1163 794 246.
1187 733 1265 794 283.
1296 727 1372 792 nt.

221 834 251 892 Γ
269 852 301 916 p.
324 833 412 918 277).

308 935 377 1013 Quo
399 941 544 1021 tempore
566 939 643 1004 anni
662 939 743 1006 haec
764 938 892 1023 singula
921 958 1015 1005 sacra
1035 937 1124 1002 iacta
1146 937 1229 1018 sint,
1252 937 1289 1002 in
1311 939 1370 1004 ob·
1481 959 1482 990 u

222 1061 316 1106 scuro
339 1045 398 1105 est.
440 1041 523 1106 Nam
546 1061 619 1108 cum
641 1043 805 1124 ordinem,
836 1063 900 1128 quc
929 1045 964 1108 in
995 1043 1099 1109 titulis
1126 1063 1162 1108 se
1189 1043 1366 1126 excipiunt,

221 1164 285 1209 non
306 1146 482 1212 secundum
503 1143 659 1230 temporis
681 1148 842 1238 rationem
857 1148 1069 1214 constitutum
1091 1167 1161 1212 esse
1177 1147 1254 1211 inde
1276 1152 1369 1231 patet

222 1248 357 1330 quadis
385 1250 421 1315 in
442 1250 515 1316 aliis
546 1250 651 1316 titulis
673 1251 769 1334 plane
800 1250 884 1317 elius
916 1255 967 1318 est
989 1250 1112 1336 (confer
1133 1273 1162 1316 v.
1187 1271 1215 1316 c,
1241 1250 1318 1318 Φιλ.
1343 1255 1367 1314 Α

222 1372 254 1435 p.
280 1355 343 1416 518
366 1359 399 1419 et
421 1359 454 1417 B
475 1375 506 1438 p.
523 1353 612 1443 430).
657 1354 720 1420 Sed
741 1375 781 1420 ne
804 1375 843 1420 ea
866 1355 996 1439 quidem
1017 1357 1113 1437 ratio,
1137 1375 1234 1438 quam
1245 1353 1368 1421 Bocch-

223 1454 297 1522 hius
320 1458 362 1523 ad
386 1457 422 1522 Ο.
445 1458 470 1524 1.
495 1458 551 1524 Gr.
575 1481 607 1524 n.
631 1463 716 1526 2309
747 1461 911 1541 instituit,
942 1482 1039 1544 quum
1063 1461 1185 1526 diccmt
1206 1459 1266 1524 ubi
1284 1460 1369 1525 idem

223 1567 309 1626 esset
331 1562 594 1646 gymnasiarchus
617 1565 736 1629 mensis
759 1561 895 1629 alicuius
918 1564 1170 1649 etagonotheta,
1191 1565 1225 1630 id
1246 1563 1367 1630 indicio

223 1686 303 1746 esse,
326 1665 407 1733 illud
428 1667 563 1749 festum,
596 1669 687 1734 cuius
719 1668 915 1752 agonotheta
937 1674 1040 1750 esset,
1072 1670 1107 1734 in
1128 1691 1202 1734 eum
1224 1689 1367 1734 mensem
1481 1663 1482 1714 ἓ

222 1770 372 1852 incidere,
397 1771 468 1837 aliis
490 1772 596 1838 titulis
617 1773 832 1856 comprobata
852 1773 911 1838 est
957 1773 1062 1852 Quum
1092 1774 1178 1838 enim
1205 1773 1252 1839 ibi
1275 1773 1368 1838 Anti·

222 1879 377 1966 noe’orum
399 1897 483 1960 quae
505 1877 656 1944 Eleusine
679 1882 820 1962 aguntur
841 1877 1040 1961 agonotheta
1061 1877 1156 1943 simul
1177 1875 1366 1943 Posidoonis
1481 1961 1482 1966 ἵ

224 1981 485 2065 gymnasiarchus
508 1983 572 2062 sit,
607 1982 681 2046 aa.
704 1984 735 2044 Γ
742 2035 744 2042 .
751 2003 782 2066 p.
808 1986 872 2047 554
893 1981 949 2048 ilia
971 1981 1182 2066 agonothesia
1204 2003 1279 2046 cum
1301 1981 1367 2047 Sci-

223 2077 425 2176 rophorionis
448 2085 704 2170 gymnasiarchia
737 2087 908 2154 coniuncta
931 2091 999 2170 est,
1031 2087 1112 2154 item
1141 2085 1367 2152 Germanicae·
1481 2157 1482 2188 1

223 2211 295 2255 rum
318 2188 515 2274 agonotheta
540 2188 605 2256 illic
628 2191 873 2276 Thargcliouis,
905 2192 959 2257 hic
979 2191 1209 2276 Pyanepsionis
1238 2211 1367 2276 gymna-

225 2292 370 2360 siarchus
393 2300 454 2360 est.

311 2398 403 2477 Quae
423 2398 458 2464 in
479 2398 530 2464 his
551 2399 700 2466 omnibus
721 2398 806 2466 ludis
827 2397 948 2464 fuerint
968 2399 1166 2482 epheborum
1183 2405 1307 2484 partes,
1330 2420 1367 2464 ex

223 2509 319 2587 parte
340 2507 469 2570 tantum
489 2499 626 2568 indicari
648 2509 766 2588 potest.
813 2505 918 2587 Atque
946 2523 1019 2569 cum
1041 2503 1189 2569 omnihus
1211 2503 1278 2570 fere
1302 2523 1367 2569 cer-
1481 2513 1482 2584 1

226 2610 350 2675 tamine
373 2607 519 2692 gymnica
541 2607 711 2672 coniuncta
723 2627 793 2672 esse
814 2607 972 2672 videntur.
1007 2606 1103 2672 Certe
1127 2605 1163 2672 G.
1184 2606 1210 2672 1.
1234 2604 1291 2672 Gr.
1305 2610 1365 2672 246

227 2734 283 2779 sex
304 2711 460 2777 festorum
481 2709 636 2776 victoriae
657 2711 691 2775 in
711 2709 796 2776 ludis
818 2711 970 2796 gymnicis
992 2713 1178 2795 reportatae
1199 2731 1366 2778 recensen-
1481 2693 1482 2714 ¹

224 2823 298 2898 tur;
321 2836 405 2901 qnae
426 2815 510 2880 festa
533 2814 601 2880 sine
624 2814 721 2882 dubio
746 2835 785 2880 ex
806 2835 1061 2882 eorumnnmero
1078 2815 1223 2896 inerunt,
1246 2815 1368 2898 dequi-

225 2920 287 2986 bus
309 2920 405 2986 modo
427 2918 504 2999 dixi,
534 2938 610 3004 nam
632 2939 731 3004 quum
753 2923 861 2984 cetera
887 2919 1017 2984 nomina
1038 2916 1273 3000 interciderint,
1296 2917 1367 2983 Phi·
1481 3005 1482 3010 ἵ

224 3023 466 3110 [adelpheorum
489 3026 522 3088 et
536 3022 775 3090 Athenaeoru'm
797 3029 926 3090 servata
947 3026 1032 3088 sunt.
1076 3022 1158 3087 Item
1184 3020 1259 3086 osa.
1280 3025 1317 3085 A
1334 3043 1366 3104 p.

231 3132 294 3194 384
320 3129 395 3194 n.3
428 3147 468 3191 ex
488 3125 657 3191 Antinoeis
678 3127 845 3210 utrisque,
878 3126 1066 3208 Adrianeis,
1096 3124 1313 3192 Germaniceis
1326 3126 1368 3208 ²³]
1481 3217 1482 3224 ἵ

224 3233 375 3299 ludorum
397 3229 616 3315 gymnicorum
637 3229 773 3295 victores
795 3235 1013 3294 recensentur.

314 3325 489 3402 Praeterea
510 3334 545 3400 iu
567 3333 784 3400 Germaniceis
799 3340 1068 3402 commemoratur
1088 3335 1214 3419 lampas
1236 3340 1270 3400 et
1289 3355 1369 3398 ναυ-

227 3441 330 3526 μαχία
353 3438 444 3525 (ilict.
466 3440 496 3501 Γ
511 3458 543 3522 p.
568 3439 656 3523 353).

311 3544 458 3626 Denique
480 3542 560 3606 satis
582 3539 789 3607 memorabile
812 3541 996 3608 certaminis
1018 3563 1118 3627 genus
1141 3544 1176 3608 in
1193 3541 1245 3610 his
1268 3547 1370 3612 sacris

226 3653 504 3728 commemoratur,
528 3646 615 3730 quod
637 3644 809 3712 constabat
830 3645 864 3710 in
886 3644 1126 3712 laudationibus
1147 3667 1270 3731 eorum,
1300 3650 1370 3733 qui·

226 3753 288 3819 bus
310 3772 404 3819 sacra
425 3750 560 3832 fiebant,
583 3749 810 3834 componendis
843 3754 876 3814 et
897 3751 1088 3833 recitandis,
1112 3772 1176 3836 quo
1197 3752 1232 3816 in
1253 3772 1371 3836 genere

229 3857 293 3922 duo
316 3855 569 3938 distinguuntur,
592 3853 752 3938 ἐγκώμιον
778 3857 811 3919 et
830 3856 953 3939 ποίημα
976 3854 1064 3938 (aaa.
1086 3859 1122 3919 A
1144 3877 1177 3939 p.
1201 3859 1264 3920 384
1290 3859 1322 3919 Γ
1337 3877 1369 3940 p.

231 3963 312 4041 3533
345 3957 610 4043 ἔγκωμιογριίφος
639 3963 672 4024 et
700 3959 830 4045 ποιητής
852 3958 886 4024 0.
908 3958 933 4023 I.
958 3959 1014 4024 Gr.
1038 3959 1126 4045 245).
1170 3959 1221 4023 Ex
1252 3960 1370 4044 quibus

227 4061 408 4130 Boeckhins
443 4059 524 4126 illud
552 4062 704 4147 lyricum,
737 4061 797 4129 hoc
832 4063 958 4149 epicum
989 4085 1118 4130 carmen
1149 4061 1249 4129 baisse
1279 4063 1370 4130 dicit.

230 4221 436 4232 m

300 4303 345 4373 23)
364 4303 424 4357 Huc
443 4303 525 4359 etiam
546 4303 666 4374 pertinet
692 4305 721 4360 C.
745 4305 767 4362 I.
784 4307 831 4362 Gr.
849 4267 901 4364 aaa
927 4307 1070 4359 Φιλιστίων
1089 4301 1192 4376 πυγμῇ
1210 4303 1320 4372 rericus
1345 4310 1374 4359 iv

228 4395 282 4452 τοῖς
301 4388 514 4466 hahenaim
534 4393 684 4464 ἀνέθβικεν.
