2984 5036
793 299 833 362 22

243 468 293 532 his
317 467 537 533 excederent.“
582 465 723 549 Deinde,
747 489 845 550 quum
867 473 935 532 tam
957 473 1107 533 accurate
1130 463 1257 530 dicatur
1278 465 1312 530 in
1335 465 1384 531 his

242 571 347 638 titulis
370 572 409 638 de
431 573 547 657 prioris
571 572 648 637 anni
669 571 810 655 ephebis,
834 594 890 638 cur
913 593 952 636 ne
974 571 1072 636 verbo
1095 570 1225 654 quidem
1248 591 1383 638 comme·

243 681 410 740 morantur
431 675 498 755 illi,
531 675 586 759 qui
620 675 794 740 secundum
825 675 980 759 ephebiae
1003 695 1122 740 annum
1145 675 1272 758 agunt?
1316 675 1382 740 Imo

217 778 306 846 ,illis
337 779 544 863 obponuntur
574 776 606 841 οἱ
626 778 662 855 ἐξ
682 778 817 864 ἐφήβων
842 777 946 844 velot
976 778 1043 841 dvm
1063 779 1197 864 ἔφηβοι,
1216 779 1246 842 i.
1270 800 1298 844 e.
1329 780 1384 862 qui

244 884 408 964 superiore
431 901 515 947 anno
538 881 653 966 ephebi
676 883 820 964 fuerunt,
843 883 1009 948 nunciam
1032 903 1097 947 non
1126 889 1202 948 sunt
1230 883 1339 970 (inser.
1367 888 1381 948 l

243 1010 271 1049 v.
298 986 362 1073 lo).
408 985 531 1063 Quibus
553 986 702 1052 omnibus
731 986 891 1070 reputatis
914 985 1050 1069 amplius
1074 985 1114 1051 de
1136 985 1265 1051 biennio
1288 987 1382 1070 ephe·

244 1090 316 1156 hiae
339 1089 496 1172 cogitare,
527 1090 561 1156 id
582 1111 656 1156 mea
683 1091 844 1158 sententia
865 1094 951 1154 esset
982 1088 1111 1156 disertis
1133 1091 1377 1176 inscriptionum

244 1193 437 1259 testimoniis
460 1193 523 1260 rim
546 1193 662 1259 afferre
676 1195 713 1278 ²).

330 1295 403 1361 Jam
432 1317 514 1380 quae
542 1295 637 1362 huius
660 1298 846 1364 mutationis
873 1299 970 1365 fuerit
992 1297 1108 1378 causa,
1139 1297 1217 1362 mihi
1238 1319 1303 1362 non
1325 1297 1384 1362 dif-

244 1400 325 1464 ficile
354 1401 481 1466 videtur
511 1401 681 1484 explicatu.
744 1402 855 1468 Priore
886 1410 1030 1487 tempore
1060 1404 1223 1485 integrum
1246 1400 1384 1466 alterum

245 1502 399 1586 ephebiae
431 1523 548 1568 annum
583 1505 618 1569 in
649 1504 836 1588 περιπολείᾳ
869 1511 1095 1590 consumptum
1130 1525 1201 1570 esse
1235 1504 1383 1571 vidimus.

244 1605 361 1672 Postea
390 1627 465 1671 vero
497 1629 556 1690 per
584 1613 711 1693 partem
739 1615 865 1675 tantum
897 1609 992 1690 anni,
1024 1628 1159 1690 eamque
1191 1613 1228 1672 nt
1257 1607 1386 1674 videtur

245 1711 324 1776 satis
346 1730 497 1794 parvam,
530 1710 609 1776 fines
636 1717 744 1778 terrae
777 1714 1076 1798 perlustraverunt3
1106 1712 1191 1796 quod
1214 1713 1324 1778 statim
1346 1735 1386 1778 eo

245 1835 328 1880 anno
350 1815 471 1880 factum
493 1836 582 1897 esse,
616 1816 672 1899 qui
694 1822 768 1899 post
796 1817 900 1900 ipsam
922 1817 1167 1901 inscriptionem
1188 1816 1386 1898 sequebatur

245 1920 364 2004 quique
387 1926 483 1984 antea
503 1920 593 2004 prior
615 1920 770 2002 ephebiae
797 1941 900 1986 annus
921 1920 1044 2000 fuerat,
1081 1920 1169 1986 tituli
1193 1920 1309 1987 docent
1332 1921 1386 2007 (ci.

245 2044 314 2106 cap.
336 2023 381 2088 IV
402 2028 432 2106 ξ.
460 2025 500 2108 1).
553 2023 659 2100 Quare
690 2023 793 2089 altero
823 2046 906 2090 anno
937 2047 1002 2090 non
1031 2025 1168 2109 amplius
1202 2046 1283 2110 opus
1314 2047 1387 2091 esse

245 2126 423 2192 videbatur.
482 2126 641 2193 Videntur
677 2130 776 2212 igitur
811 2131 992 2194 etiamnunc
1034 2127 1292 2212 duodevigesimo
1332 2149 1385 2194 ae-

245 2231 324 2295 tatis
347 2251 431 2296 anno
453 2231 485 2296 in
510 2231 705 2314 epheborum
724 2255 894 2299 numerum
916 2234 1047 2315 recepti,
1070 2232 1128 2307 sed
1151 2232 1217 2298 iam
1236 2233 1385 2315 proximo

246 2357 330 2401 anno
353 2357 392 2401 ex
415 2356 452 2402 eo
475 2335 599 2401 dimissi
622 2357 707 2416 esse3
742 2338 793 2402 cui
820 2337 998 2402 sententiae
1026 2336 1175 2421 equidem
1196 2336 1316 2403 Teletis
1337 2335 1386 2402 lo·

246 2461 318 2504 cum
341 2438 427 2524 apud
450 2438 540 2504 Stob.
563 2439 633 2505 flor.
658 2445 708 2522 98,
735 2445 774 2504 72
799 2441 856 2522 ,βξ
870 2441 1003 2525 ἐφήβων
1025 2441 1088 2503 ἐστὶ
1110 2443 1165 2501 καὶ
1186 2439 1247 2524 ἤδη
1268 2442 1387 2504 εἴκοσιν

246 2545 349 2608 ἒτῶν“
368 2545 565 2609 contrarium
584 2565 654 2610 esse
676 2567 741 2610 non
761 2549 852 2628 puto.
896 2545 978 2609 Nam
992 2544 1027 2608 in
1049 2545 1216 2627 scriptore,
1240 2544 1298 2627 qui
1312 2543 1385 2608 rhe-

245 2650 347 2713 torico
369 2648 465 2713 modo
495 2646 693 2731 singularum
720 2655 864 2714 aetatum
892 2648 1059 2732 molestias
1083 2651 1263 2728 enumerat,
1291 2668 1385 2712 nemo

246 2752 417 2818 mirabitur
439 2753 466 2818 si
487 2751 584 2835 paulo
606 2752 711 2818 minus
735 2756 886 2818 accurata
899 2752 1053 2836 temporis
1073 2750 1258 2818 definitione
1271 2752 1385 2832 utitur,

245 2859 437 2946 praesertim
472 2879 569 2942 quum
598 2859 695 2925 etiam
726 2858 794 2935 eius
824 2859 954 2926 intersit
986 2880 1155 2924 numerum
1184 2856 1385 2942 aliquantum

182 3001 186 3004 ·
246 2984 455 3049 exaggerare:
490 2985 552 3047 quo
575 2964 678 3028 maior
708 2965 792 3028 enim
815 2969 921 3030 aetate
943 2961 1066 3028 iuvenis
1090 2981 1160 3028 esse
1182 2961 1315 3042 dicitur,
1346 2984 1384 3028 eo

245 3070 350 3134 minus
370 3067 508 3133 molesta
529 3068 586 3134 illa
608 3074 706 3152 atque
728 3068 861 3152 indigna
885 3067 914 3132 ei
936 3067 1068 3132 ferenda
1090 3066 1249 3131 videntur.

331 3171 454 3255 Inccpit
475 3176 584 3236 autem
605 3171 659 3236 ille
681 3171 835 3255 ephebiae
857 3192 960 3235 annus
982 3191 1002 3236 a
1024 3169 1385 3248 menseBoiidromione,

246 3281 283 3341 ut
305 3275 536 3342 demonstravit
558 3274 737 3341 Boeckhius
760 3275 800 3339 de
823 3275 893 3358 eph.
917 3275 1010 3340 tiroc.
1034 3296 1066 3358 p.
1089 3279 1140 3339 87.
1164 3272 1206 3338 ad
1230 3272 1265 3338 G.
1280 3273 1305 3337 I.
1327 3271 1383 3336 Gr.

245 3403 276 3446 n.
302 3385 365 3444 270
377 3382 414 3465 ⁵).
459 3379 542 3444 Nam
565 3400 674 3444 omnes
697 3379 1012 3463 gymnasiarchorum
1038 3384 1276 3444 menstruorum
1299 3383 1385 3442 cata-

318 3637 344 3704 2)
362 3636 457 3704 Itaque
474 3635 524 3689 tali
542 3634 718 3703 distinctioni,
737 3637 823 3703 qualis
841 3640 883 3690 est
900 3636 929 3690 in
946 3637 1026 3690 titulo
1043 3635 1109 3690 Chio
1129 3634 1159 3689 C.
1176 3634 1198 3687 Ι.
1211 3633 1258 3688 Gr.
1276 3651 1302 3686 n.
1315 3636 1387 3686 2214

245 3725 350 3792 (ἔφηβοι
369 3725 498 3792 νεώτεροι,
515 3724 603 3792 μέσοι,
621 3723 800 3792 πρεσβύτεροι)
818 3724 870 3777 hoc
896 3728 970 3778 corbe
982 3728 1106 3793 temporo
1116 3721 1229 3779 Athenis
1246 3723 1321 3776 locus
1332 3739 1387 3775 non

244 3817 295 3868 est.
330 3812 401 3866 Nam
424 3815 529 3883 πυμάτη
546 3814 616 3872 τάξις
633 3813 742 3880 ἐφήβων
766 3813 795 3866 C.
814 3813 836 3866 Ι.
854 3812 901 3867 Gr.
921 3817 982 3882 246,
1000 3830 1082 3882 quam
1105 3809 1263 3866 Kreusiusl
1287 3828 1315 3880 p.
1334 3813 1387 3864 27ss

244 3917 276 3955 eo
293 3899 390 3970 refert,
414 3901 566 3954 Boeekhius
589 3901 688 3954 collato
706 3901 787 3955 titulo
805 3905 857 3956 245
883 3902 1076 3972 interpretatus
1096 3904 1137 3954 est
1159 3897 1294 3969 „tertium
1316 3898 1388 3952 ordi·

244 4006 316 4059 nem,
335 3988 380 4056 qui
398 3993 440 4043 est
450 3989 517 4042 ordo
530 3988 731 4060 ,epheborum“,
744 3989 789 4067 ,ita
805 3994 836 4043 ut
847 3989 947 4060 ephebi
964 4008 1018 4045 non
1035 3990 1108 4044 inter
1126 4006 1162 4058 se,
1181 3987 1230 4042 sed
1248 4005 1265 4042 a
1282 3987 1387 4042 duobus

243 4095 388 4148 puerorum
405 4078 544 4132 ordinibus
562 4077 773 4146 distinguantur.
809 4078 935 4134 Ceterum
953 4079 1050 4133 Suidae
1068 4080 1160 4133 locum
1185 4077 1217 4145 (a.
1235 4093 1262 4132 v.
1280 4076 1386 4146 ἔφηβος)

243 4168 279 4222 ad
296 4166 458 4222 sententiam
476 4183 566 4220 meam
577 4167 611 4220 de
628 4170 752 4235 tempore
771 4166 984 4222 confirmandam
994 4167 1126 4222 adhihere
1142 4167 1289 4235 propterea
1305 4165 1386 4232 nolui,

243 4256 305 4324 qnia
322 4255 345 4308 is
364 4256 398 4309 de
416 4255 547 4310 institutis
564 4255 661 4310 Atticis
678 4255 769 4310 dicere
790 4273 845 4309 non
863 4256 970 4310 videtur
988 4254 1107 4322 (Boeckh
1126 4255 1146 4308 l.
1163 4255 1183 4308 1.
1201 4272 1229 4322 p.
1247 4256 1302 4323 87).

315 4346 341 4412 3)
360 4344 509 4400 Boeckhius
528 4346 586 4415 ipse
611 4347 706 4414 postea
731 4343 765 4397 de
792 4361 823 4398 ea
841 4361 871 4398 re
898 4345 1046 4410 dubitavit,
1073 4344 1137 4413 quia
1156 4345 1282 4400 Cominus
1307 4344 1339 4397 F.
1356 4344 1387 4402 A.
