2984 5036
654 313 693 372 27

103 501 232 546 summa
264 499 343 544 cura
371 479 565 563 epheborum
597 501 649 545 res
683 483 716 544 et
748 477 902 543 instituta
929 480 1132 560 prosecutam
1167 491 1247 537 esse.

105 585 198 664 Quae
232 606 308 652 cura
336 587 481 670 inprimis
507 587 542 652 in
564 587 627 651 fine
660 585 814 669 ephebiae
844 583 1015 666 conspicua
1045 586 1124 646 erat.
1167 578 1251 642 Tum

107 690 194 753 enim
216 689 354 772 primum
375 689 560 755 institutum
583 694 664 770 erat,
688 695 725 754 nt
747 688 862 771 ephebi
884 687 1012 752 senatui
1034 683 1250 758 ostenderent,
1375 736 1384 750 .

106 793 186 876 quid
215 793 248 856 in
271 793 369 859 armis
397 794 558 877 rebusque
585 794 713 858 tactiois
746 792 957 876 proiecissent
978 791 1012 874 ¹).
1066 787 1135 865 Quo
1165 787 1251 853 facto

105 897 261 981 proximis
288 902 364 979 post
385 896 482 962 finem
511 896 665 980 ephebiae
688 896 801 962 diebus
823 917 863 960 ex
893 899 1024 978 senatps
1048 890 1195 957 consulto
1216 891 1251 953 in

106 999 245 1064 comitiis
268 999 431 1066 decretum
455 1004 514 1081 est,
537 1006 574 1065 ut
596 999 710 1085 ephebi
733 1019 842 1080 aurea,
870 998 1016 1082 magistri
1036 1018 1112 1062 vero
1135 994 1251 1078 singuli

106 1103 210 1168 olivae
234 1102 394 1190 (θαλλοῦ)
425 1123 543 1169 corona
569 1109 771 1169 ornarentur.
807 1102 947 1168 ·Deinde
978 1101 1093 1168 iisdem
1115 1100 1252 1165 comitiis

108 1208 143 1292 (3
166 1229 194 1272 v.
220 1210 275 1292 66)
309 1212 367 1273 aut
389 1204 513 1289 aliquot
532 1207 698 1273 mensibus
719 1213 795 1291 post
816 1214 978 1274 cosmetae
1002 1226 1129 1289 quoque
1153 1223 1253 1268 aurea

107 1333 229 1376 corona
250 1309 495 1376 decernebatur.
541 1309 601 1386 Qui
623 1309 763 1376 honores
795 1311 910 1376 deinde
932 1311 1094 1395 Dionysiis
1116 1310 1251 1393 magnis,

106 1411 281 1479 Eleusiniis
302 1413 579 1479 etPanathenaeis
601 1435 622 1478 a
643 1435 800 1497 praecone
822 1415 1103 1495 renuntiabantm,
1128 1419 1160 1479 ct
1182 1413 1248 1496 ple·

107 1516 217 1582 hisciti
251 1517 315 1584 duo
338 1520 534 1603 exemplaria
555 1519 719 1602 lapidibus
741 1518 985 1600 incidebantur3
1014 1539 1151 1602 quorum
1173 1516 1251 1582 alte·

110 1642 181 1685 rum
203 1622 237 1686 in
258 1622 343 1702 foro,
371 1623 509 1688 alterum
531 1624 670 1689 fortasse
699 1624 733 1688 in
754 1609 939 1688 Ptolemaeo
968 1622 1132 1707 gymnasio
1154 1641 1251 1703 pone·

110 1723 209 1788 batur
232 1727 316 1809 (cap.
338 1727 384 1790 III
405 1731 434 1809 ξ.
460 1727 502 1812 1).

196 1845 259 1911 Sed
281 1848 378 1912 etiam
400 1849 488 1912 intra
510 1848 665 1934 ephebiae
692 1868 811 1912 annum
834 1866 916 1930 quae
938 1841 1054 1909 fierent
1076 1845 1249 1908 accuratis-

109 1948 189 2012 sime
221 1951 397 2016 constituta
423 1953 520 2019 fuisse
547 1954 672 2038 legibus
701 1956 734 2015 et
761 1949 939 2034 plebiscitis
962 1948 1118 2045 videmus7
1151 1969 1250 2030 quum

107 2052 141 2115 in
173 2053 276 2118 titulis
308 2055 375 2120 iere
406 2058 512 2121 omnia
545 2065 627 2140 quae
655 2055 770 2139 ephebi
799 2055 959 2134 iecerunt,
997 2054 1084 2118 velut
1112 2072 1250 2137 pompae

109 2156 142 2238 (1
166 2177 195 2219 v.
221 2161 251 2238 7)
272 2157 433 2226 sacrificia
453 2162 506 2247 (2,
533 2162 586 2244 16)
617 2160 836 2243 expeditiones
864 2156 1022 2222 militares
1045 2159 1094 2241 (3,
1119 2161 1169 2220 22.
1192 2156 1250 2240 85)

109 2259 249 2321 κατὰτὰ
273 2263 462 2346 ψηφίσματα
489 2265 577 2330 iacta
605 2284 675 2329 esse
698 2263 858 2328 dicantur.
909 2263 977 2326 imo
1000 2261 1096 2326 etiam
1119 2260 1251 2325 anathe-

109 2368 214 2443 mata,
238 2384 321 2447 quae
344 2365 460 2449 ephebi
482 2366 550 2432 deis
573 2367 741 2446 offerrent,
765 2388 829 2431 non
850 2367 965 2449 pietati
988 2385 1097 2430 eurum
1127 2369 1161 2429 et
1182 2386 1250 2428 mu·

110 2465 291 2532 nifieentiae
313 2470 488 2552 permissa,
523 2471 580 2537 scd
603 2470 731 2536 decreto
760 2469 870 2553 populi
893 2469 1024 2534 definita
1046 2473 1139 2533 crant
1163 2465 1250 2553 (α’νέ·

110 2571 220 2652 θρκαν
246 2569 359 2634 δὲκαὶ
383 2573 507 2661 φιάλην
528 2577 565 2666 τῇ
587 2579 693 2660 Μητρὶ
714 2575 777 2635 τῶν
801 2577 890 2634 θεῶν
920 2572 987 2638 ἀπὸ
1012 2574 1162 2656 δραχμῶν
1183 2591 1250 2637 oce-

112 2673 308 2758 φανρφόρου
330 2675 445 2740 ἑκατὸν
467 2680 547 2742 κατὰ
570 2680 603 2742 cd
628 2676 785 2764 ψήφισμα
808 2681 826 2740 d
849 2678 1074 2763 Διοσκουρίδης
1096 2684 1250 2742 Διοσκου-

110 2777 203 2861 proco
226 2778 385 2864 Φργαιεύς
405 2782 535 2870 stnsfl)
560 2787 589 2866 3,
610 2787 662 2847 41.
704 2780 774 2866 Ἐφ.
797 2781 870 2867 ἅρχ.
895 2787 979 2847 4041
1003 2807 1031 2848 v.
1047 2785 1124 2870 24.).
1168 2783 1250 2850 Item

111 2882 151 2950 de
182 2892 308 2953 centum
345 2887 437 2955 libris
471 2890 506 2954 in
538 2887 767 2957 bibliothecam
798 2887 832 2954 in
860 2887 1043 2956 Ptolemaeo
1074 2889 1248 2957 inferendis

110 2990 277 3074 proprium
308 2992 513 3075 plebiscitum
542 2997 702 3080 perlatum
731 3019 801 3062 esse
835 2999 1035 3064 demonstrat
1055 3000 1152 3063 inser.
1178 3002 1196 3061 5
1219 3020 1248 3061 v.

111 3101 129 3158 7
154 3117 201 3179 sq.
247 3095 337 3173 Quae
359 3099 466 3164 omnia
487 3099 520 3164 id
542 3102 657 3165 testari
678 3102 840 3184 ridentur,
864 3102 951 3187 quod
973 3124 1075 3186 supra
1098 3100 1181 3181 dixi,
1209 3121 1247 3165 eo

112 3201 193 3281 ipso,
218 3199 304 3283 quod
341 3202 448 3267 omnia
470 3223 553 3286 quae
587 3209 682 3270 antea
714 3207 846 3291 singulis
868 3208 1026 3290 permissa
1050 3210 1143 3270 erant
1171 3210 1249 3268 tunc

108 3301 238 3385 publica
270 3305 465 3372 auctoritate
495 3307 756 3391 imperabantur,
799 3311 935 3376 indicari
965 3309 1092 3375 civium.
1108 3311 1249 3372 animum

109 3426 173 3469 non
193 3407 259 3470 i'am
281 3428 353 3472 eum
374 3408 490 3493 fuisse,
523 3417 561 3475 ut
582 3411 685 3478 multa
706 3414 740 3480 in
762 3414 858 3480 rebus
892 3413 1028 3499 publicis
1052 3434 1110 3479 sua
1133 3416 1247 3496 sponte
1335 3491 1340 3504 Ι

109 3515 260 3580 facerent.

196 3635 317 3702 Contra
339 3641 469 3702 senatus
483 3637 761 3720 Areopagitarum,
785 3641 874 3705 ouius
896 3641 1072 3706 auotoritas
1094 3640 1247 3704 istotem·

109 3765 188 3829 pore
209 3744 315 3810 denuo
337 3746 433 3808 aucta
453 3747 539 3820 erat,
572 3739 606 3804 in
628 3742 733 3807 titulis
754 3743 895 3826 ,quidem
916 3763 1080 3825 nunquam
1113 3764 1247 3809 comme·
1362 3745 1367 3754 '

110 3915 120 3920 -
126 3911 314 3920 ---—-----

180 4003 209 4072 1)
228 4005 312 4059 Tituli
332 4005 358 4072 (1
377 4023 403 4060 r.
423 4009 467 4060 21.
485 4009 502 4060 2
520 4025 545 4060 v.
564 4010 609 4062 32.
628 4011 654 4076 3,
674 4011 717 4061 41.
736 4011 762 4075 4,
782 4007 826 4075 29)
845 4006 914 4060 nihil
926 4007 978 4060 nisi
991 4006 1058 4062 haee
1077 4008 1247 4071 „lucerinam

102 4093 137 4172 ‘di
154 4091 200 4144 καὶ
218 4091 261 4144 ἐπ’
281 4093 366 4162 ἐξόδῳ
384 4093 426 4158 τῆς
443 4096 569 4164 ἐφηβείας
585 4093 630 4160 τὴν
648 4093 786 4157 ἀπόδειξιν
805 4095 833 4167 τῇ
851 4093 966 4166 βουλῇ“,
983 4097 1026 4150 vel
1040 4096 1128 4150 simile
1146 4095 1246 4164 aliquid

107 4179 251 4248 exhibent3
268 4183 317 4236 sed
334 4182 392 4236 sine
409 4183 492 4237 dubio
511 4185 676 4254 cogitatione
694 4185 850 4240 addendum
868 4188 911 4238 est
929 4185 958 4237 ἔν
976 4181 1077 4244 ὅπλοις.

180 4271 207 4338 2)
224 4271 329 4326 Eodem
351 4272 472 4342 pertinet
486 4271 545 4341 Ἐφ.
567 4270 629 4343 cipp.
647 4279 719 4330 4042
743 4293 769 4329 v.
788 4276 823 4328 38
848 4273 895 4327 ubi
918 4291 990 4327 nuno
1012 4272 1143 4328 vocabula
1172 4281 1248 4324 asco-

109 4353 283 4432 [xpdppdov
302 4359 438 4431 capatus
456 4366 607 4428 supersunt.
