2984 5036
511 1235 639 1304 PARS
669 1233 884 1302 ALTERA.

121 1390 193 1474 nu
206 1391 547 1480 urnuaoanu
563 1360 989 1492 anaus'ounnns
1003 1391 1266 1476 nonanus

135 1521 269 1606 rosa
299 1525 647 1671 nmaaunrnu
678 1523 953 1610 cannono
980 1524 1249 1608 nvnasnu.

110 1819 113 1824 -
210 1771 416 1859 Quantopere
446 1780 521 1859 post
553 1796 694 1860 pugnarn
723 1777 999 1843 Chaeroneensem
1024 1772 1268 1840 Atheniensium

122 1895 176 1940 res
203 1876 353 1960 publicae
382 1879 570 1943 immutatae
598 1879 684 1959 sint,
717 1885 829 1944 notum
852 1884 915 1944 est:
947 1883 980 1944 et
1000 1878 1061 1942 hac
1089 1878 1267 1942 mutatione

124 1979 222 2044 etiarn
246 1979 400 2063 ephebiae
432 1981 634 2062 institutum,
667 1983 752 2066 quod
777 1988 882 2047 totum
910 1981 952 2046 ad
980 2001 1033 2046 res
1065 1979 1172 2046 civiles
1195 2001 1266 2064 spe·

123 2081 253 2164 etabat,
286 2083 489 2149 vehementer
517 2084 667 2150 affectum
689 2106 759 2150 esse
787 2085 881 2149 facile
912 2084 1112 2169 intelligitur.
1162 2083 1267 2162 Quum

125 2187 210 2250 enim
242 2193 338 2252 antea
365 2187 444 2252 nulli
471 2189 519 2253 rei
547 2187 619 2272 plus
642 2189 833 2255 tribuissent
853 2187 1081 2269 Athenienses,
1112 2209 1209 2271 quam
1229 2193 1268 2253 ut

123 2289 253 2354 iuvenes
274 2310 343 2354 rem
366 2291 537 2357 militarem
563 2315 624 2358 usu
647 2294 824 2374 discerent,
855 2293 921 2357 iam
942 2291 1165 2359 Demosthenis
1189 2298 1268 2359 tem·
1323 2291 1325 2296 ’

124 2412 212 2475 pore,
235 2414 334 2476 quum
354 2393 440 2460 bella
462 2395 651 2480 plerumque
673 2397 878 2463 mercenariis
899 2396 1056 2461 militibus
1070 2400 1266 2478 gererentur,

124 2496 239 2562 civium
268 2496 384 2562 bellica
411 2498 514 2564 virtus
541 2499 748 2583 languescere
778 2501 892 2583 coepit.
938 2499 1041 2578 Quum
1071 2503 1180 2562 autem
1201 2518 1267 2563 res·

123 2599 254 2684 publica
290 2622 310 2666 a
343 2600 508 2686 Philippo·
532 2603 778 2687 Alexandroque
820 2603 972 2683 subacta,
1015 2600 1130 2667 deinde
1163 2598 1267 2684 belbe,

125 2725 208 2787 quae
229 2706 315 2770 inter
337 2726 538 2773 successores
558 2728 669 2772 eorum
687 2713 885 2790 exarserant,
907 2706 969 2772 huc
990 2705 1068 2769 illuc
1089 2705 1211 2770 iactata
1234 2711 1267 2772 et

125 2829 281 2873 concussa
302 2810 431 2874 omnino
454 2811 504 2874 sui
531 2811 612 2876 iuris
639 2832 709 2877 esse
739 2811 888 2876 desiisset
915 2815 948 2874 et
967 2811 1185 2874 Romanorum
1216 2815 1267 2875 tu·

123 2910 208 2976 telae
230 2932 264 2976 se
286 2913 491 2994 tradidisset,
513 2934 577 2978 non
599 2916 738 2999 amplius
761 2939 842 3000 opus
867 2921 954 2996 erat,
984 2918 1022 2978 ut
1042 2913 1126 2977 cives
1148 2912 1190 2977 ad
1212 2933 1267 2995 pa·

124 3015 222 3078 triam
244 3013 474 3080 defendendam
496 3017 718 3086 educarentur.
764 3020 870 3098 Quare
883 3037 1077 3103 quamquam
1100 3017 1267 3082 etiamtum

125 3116 240 3200 ephebi
255 3116 391 3182 militurn
413 3120 550 3202 speciem
564 3143 642 3204 prae
664 3145 698 3189 se
714 3125 871 3204 ferebant,
893 3141 1087 3207 quamquam
1100 3120 1267 3204 antiquum

124 3220 204 3286 illud
228 3226 350 3286 terram
372 3223 556 3290 circueundi
579 3226 716 3294 officium
739 3230 874 3309 mansit,
899 3247 1092 3312 quamquam
1114 3225 1148 3289 in
1168 3226 1267 3291 armis

125 3330 158 3389 et
186 3324 284 3411 rebus
315 3326 442 3392 tactiois
471 3330 743 3414 instituebantur,
779 3339 888 3398 tamen
917 3331 997 3396 haec
1027 3328 1135 3393 omnia
1164 3328 1267 3411 magis

126 3427 168 3492 ad
190 3425 364 3492 ludibrium
386 3431 547 3513 quoddam
567 3423 604 3499 ¹et
624 3435 843 3518 spectaculum
864 3432 1082 3518 magnificum,
1104 3451 1201 3515 quam
1224 3431 1265 3496 ad

125 3553 219 3597 usum
241 3530 317 3595 belli
337 3532 552 3614 pertinebant.

213 3634 283 3712 Quo
305 3635 410 3702 minus
433 3644 541 3704 autem
562 3640 772 3706 Athenienses
795 3641 946 3707 valebant
974 3627 1019 3705 in¹
1039 3636 1137 3702 rebus
1162 3641 1267 3703 exter·

126 3742 177 3805 nis
200 3746 233 3805 et
254 3739 394 3821 bellicio,
423 3764 460 3808 eo
491 3745 594 3828 magis
618 3744 801 3810 domesticis
823 3745 904 3809 bene
927 3740 1190 3808 administrandis
1212 3761 1267 3808 eos

124 3867 255 3912 vacasse
283 3848 456 3931 putaveris.
501 3847 544 3912 Et
572 3869 608 3912 re
637 3868 713 3913 vera
741 3847 891 3911 iuvenum
919 3845 1049 3929 quidem
1078 3843 1267 3928 corporibus
1364 3839 1367 3844 ’

126 3955 159 4014 et
180 3951 296 4015 animis
319 3950 500 4016 excolendis
522 3957 556 4016 et
579 3950 761 4016 exercendis
776 3944 898 4016 maiore
920 3950 1027 4030 etiam,
1051 3952 1267 4032 quamantea,

125 4074 203 4119 cura
232 4052 358 4138 publice
387 4060 593 4138 prospectum
621 4075 692 4120 esse
718 4055 853 4121 videtur.
898 4054 1090 4136 Quanquam
1113 4050 1212 4135 igitur
1233 4049 1267 4115 id

125 4158 248 4241 ipsum,
271 4157 358 4241 quod
379 4179 418 4223 ea
440 4179 523 4242 quae
546 4163 643 4222 antea
665 4159 865 4243 singulorum
894 4159 1009 4224 civium
1032 4155 1167 4221 arbitrio
1189 4175 1263 4238 per-

127 4260 214 4334 mitti
229 4265 411 4346 potuerant,
434 4283 518 4327 nunc
530 4262 687 4326 institutis
710 4269 742 4327 ct
764 4262 888 4346 legibus
911 4260 1138 4327 administrare
1158 4276 1266 4322 neces·

125 4364 245 4428 sarium
268 4369 347 4446 erat,
369 4364 586 4450 aliquomodo
611 4363 778 4448 depravati
792 4349 906 4430 civium
929 4363 1028 4429 animi
1047 4362 1267 4449 testimonium
1317 4414 1323 4425 .
