2984 5036
805 279 846 340 62

256 442 498 509 Boiidromionis
530 443 615 510 diem
647 443 760 510 referri
783 445 937 530 (Pr-oller,
972 445 1025 512 die
1047 447 1118 513 Zeit
1150 448 1211 514 der
1243 451 1417 518 ettisuhen
1469 537 1470 540 Ἴ

257 545 441 613 Eleusinion
462 548 497 614 in
517 547 641 614 Zleebr.
661 548 684 613 f.
707 547 913 615 Altam-w.
939 553 1021 616 1835
1045 572 1078 634 p.
1094 556 1208 639 δ1001).

344 650 456 717 Altera
488 671 606 736 pompa
627 651 838 719 eeleberrims
869 653 927 719 illu
948 654 1055 722 leuchi
1077 662 1145 739 est,
1186 657 1246 740 qui
1268 657 1418 722 Athenis

257 753 409 820 Eleusina
430 754 644 840 edueehstnr3
667 757 707 821 de
729 777 794 839 qus
815 757 984 840 plebieoite
999 757 1129 843 quidem
1149 761 1207 826 ills
1229 761 1322 826 nihil
1339 782 1417 826 eon·

257 859 362 926 tinent
383 859 444 924 nisi
458 859 614 924 voeabula
625 864 680 924 sul
691 861 876 941 οὺνἿαιιχον
890 859 1042 938 sinuum,-
1056 863 1139 948 (scil.
1154 866 1415 949 προέπεμψαν).

258 965 301 1028 At
322 963 357 1027 in
376 962 472 1029 titulo
496 961 569 1026 Φιλ.
593 965 618 1027 Α
640 983 673 1047 p.
696 966 761 1028 238
782 963 955 1030 udmodmr
976 966 1197 1033 memorabilia
1218 966 1262 1031 de
1294 985 1340 1032 eu
1361 987 1415 1032 re-

257 1066 414 1132 feruntur.
443 1064 548 1142 Quum
560 1065 644 1130 enim
664 1067 765 1132 verbe
783 1089 813 1132 r.
832 1071 870 1131 16
886 1085 956 1152 sqq.
977 1071 1046 1157 „sp
1066 1067 1193 1156 lvrlrp
1214 1067 1289 1134 ᾶπὶ
1308 1067 1414 1131 δέκα

259 1174 330 1236 τοῦ
351 1169 674 1255 Βοηδρομιῶνος
695 1191 776 1254 προς
806 1213 911 1237 ....
943 1174 987 1258 τῷ
1007 1189 1143 1262 ιιοσμητη
1176 1174 1240 1235 τοῖν
1269 1170 1413 1256 ἔφη’βων

260 1275 351 1354 ἄγειν
370 1275 444 1348 τοὺς
462 1271 605 1359 ἔφη’βοος
626 1317 635 1336 .
659 1325 667 1340 .
689 1318 699 1336 .
722 1273 949 1360 interludentes
971 1297 1042 1360 sqq.
1074 1275 1117 1341 nd
1148 1295 1220 1341 eam
1249 1295 1411 1358 pompam

261 1377 443 1444 referentur
463 1397 593 1442 necesse
615 1376 717 1462 sit⁷)‚
747 1378 890 1443 omnium
911 1378 968 1462 qui
989 1378 1037 1442 de.
1051 1377 1103 1443 his
1125 1378 1226 1444 sem-ie
1251 1376 1408 1444 dixerunt

258 1482 428 1561 sententis,
452 1481 590 1563 quaein
611 1485 705 1544 tenta
726 1480 767 1547 de
780 1481 1019 1548 Eleusiniomm
1039 1487 1183 1565 tempore
1201 1481 1407 1548 dissensione

258 1605 324 1651 unu
344 1589 434 1650 certa
456 1604 526 1649 esse
546 1583 898 1666 videbatnr‚⁸lsouhum
914 1586 1063 1652 vicesimo
1081 1585 1333 1652 Boedromionis
1354 1586 1405 1650 die

258 1689 409 1754 edentum
440 1705 532 1766 esse,
565 1685 701 1754 rehrtnri
731 1687 867 1756 videtur.
926 1687 1117 1772 Quanquam
1145 1687 1313 1772 quomodo
1340 1690 1405 1754 loei

258 1792 424 1872 eiusmodi,
449 1789 554 1875 qualis
584 1797 635 1856 est
656 1789 741 1856 Plut.
764 1791 802 1856 V.
834 1790 960 1858 Camilli
982 1815 1010 1857 e.
1036 1797 1074 1857 19
1095 1796 1169 1876 περὶ
1189 1790 1317 1878 αὐτὴν
1335 1791 1404 1874 την

258 1895 414 1962 εἰκάδα
434 1899 492 1959 suli
514 1894 780 1980 Βοηδρομιῶνος,
811 1893 907 1987 βοῦν
934 1897 1085 1978 puniente
1098 1897 1226 1976 Ἰαιιχον
1251 1894 1403 1974 ἐξάγουσι

259 2023 331 2069 eum
350 2002 414 2066 illis
436 2000 523 2069 tituli
543 2000 649 2066 verbis
672 2001 836 2068 conciliari
858 2003 996 2084 possint,
1017 2023 1083 2068 non
1104 2002 1261 2087 intelligo.

345 2104 469 2170 Deinde
490 2104 524 2167 in
556 2123 672 2188 magno
694 2103 749 2170 illo
779 2105 953 2187 sacrificio,
987 2106 1075 2189 quod
1094 2105 1195 2172 fiebat
1223 2112 1259 2172 in
1280 2107 1400 2190 templo

260 2207 423 2274 Eleusinio
454 2205 503 2290 (lv
531 2208 575 2292 spi
596 2207 758 2294 περιβόλῳ
786 2211 843 2272 sot
874 2203 962 2293 ἱεροῦ
985 2213 1021 2289 3,
1058 2213 1097 2273 10
1125 2209 1193 2292 Ἐς).
1216 2207 1291 2290 ἀρχ.
1315 2215 1397 2276 4041

259 2335 289 2378 v.
313 2314 347 2397 8)
379 2311 414 2376 id
446 2315 518 2374 eret
538 2308 735 2392 epheborum
763 2310 919 2392 ulfinum,
954 2318 992 2376 ut
1012 2331 1085 2376 oum
1106 2311 1210 2376 tauris
1237 2312 1283 2378 sd
1303 2314 1401 2379 eseri-

259 2418 367 2484 fieium
389 2415 559 2482 destinatis
581 2420 776 2498 pugnarent,
800 2415 900 2481 donee
922 2435 977 2480 eos
999 2414 1168 2481 domarent
1187 2419 1230 2481 et.
1243 2416 1288 2482 ed
1309 2437 1398 2482 erem

261 2522 477 2600 adducerent3
508 2520 587 2584 haee
608 2519 693 2584 enim
720 2519 825 2584 inesse
846 2520 880 2583 in
905 2517 1070 2584 vocabulis
1091 2518 1208 2602 ἤρανον
1227 2521 1303 2594 τοὺς
1323 2523 1399 2601 βοῦς

260 2623 296 2688 ιι
314 2622 508 2706 ’eunoun
530 2625 567 2710 ιη
583 2624 685 2701 evase
707 2623 751 2707 (1,
775 2627 805 2686 e.
829 2625 859 2702 2,
884 2626 902 2686 9
926 2622 979 2706 (cf.
1001 2643 1031 2686 v.
1047 2621 1104 2710 oe)
1127 2626 1157 2704 3,
1183 2626 1222 2686 10
1239 2621 1313 2708 ὀφ.
1328 2624 1399 2708 ορ.

261 2733 345 2793 4041
368 2749 398 2791 v.
422 2727 455 2812 9)
489 2724 739 2792 luculentissime
766 2724 997 2790 demonstravit
1027 2724 1159 2791 Certim
1178 2727 1201 2790 1.
1222 2727 1247 2792 l.
1278 2749 1313 2812 p.
1339 2733 1397 2794 336

261 2831 407 2897 adhibito
428 2827 624 2894 Artemidori
645 2827 715 2894 loco
738 2827 943 2893 Oneirooritt.
964 2827 981 2892 1
1000 2849 1031 2912 p.
1059 2833 1114 2911 12,
1138 2830 1193 2913 qui
1215 2829 1397 2898 dotalibus

260 2937 409 3001 iuuenum
429 2932 672 2998 Atheniensium
703 2931 788 2997 ludis
811 2931 898 2996 dicit.
919 2931 1116 2999 -Preetereu
1138 2954 1211 2998 vero
1232 2933 1297 3016 ipsi
1320 2956 1395 3018 quo·

262 3059 324 3122 que
353 3036 467 3120 ephebi
494 3035 679 3101 oeciderunt
711 3037 790 3102 dese
820 3035 901 3101 dues
936 3057 1050 3103 vaenue
1073 3039 1163 3119 (βοῦς
1182 3039 1319 3121 οροφίας
1339 3038 1398 3102 ‹lu'o
1468 3033 1469 3038 ’

263 3147 292 3224 3,
319 3143 375 3221 16;
397 3139 469 3204 eliis
491 3137 570 3202 loeis
592 3139 695 3221 megis
717 3139 752 3203 in
773 3139 956 3206 universum
978 3141 1096 3206 dieitur
1116 3142 1172 3203 sul
1191 3136 1283 3202 euml
1304 3139 1397 3222 ἐβου-

260 3244 431 3332 turonas).
475 3242 622 3326 Denique
638 3240 748 3306 Cereri
771 3245 802 3306 et
814 3241 1027 3324 Proserpinae
1049 3242 1191 3326 phialam
1212 3248 1399 3325 argenteum

260 3350 495 3418 consecrabant
518 3349 562 3431 (2,
587 3349 638 3411 24.
663 3349 692 3426 3,
716 3349 767 3410 29.
792 3348 822 3426 51,
848 3350 876 3409 7.
896 3343 965 3430 Ἐφ
987 3343 1060 3429 cipp.
1082 3349 1178 3423 4041,
1203 3346 1267 3427 ll).

345 3455 454 3520 Etiam
476 3451 613 3536 gymnici
634 3449 818 3516 certaminis
840 3449 927 3532 quod
958 3448 1005 3515 ibi
1026 3447 1133 3532 fiebat
1147 3447 1228 3514 haut
1247 3453 1397 3531 expertes

259 3559 359 3625 luisse
380 3555 520 3641 ephebos
540 3559 575 3625 et
589 3573 647 3637 per
669 3575 703 3619 se
723 3551 896 3617 verishnile
913 3557 962 3618 est
984 3558 1017 3617 et
1038 3549 1142 3616 tilulo
1156 3549 1228 3616 c.1.
1247 3550 1303 3620 Gr.
1319 3556 1396 3616 271:

259 3661 475 3747 σωφρονιστὴς
488 3656 662 3742 Ἀθήναιος
675 3655 876 3731 Σπένδονοος
893 3655 1094 3730 Ἐλοοσεὶνιος
1105 3663 1170 3728 τοῖς
1190 3652 1322 3738 ἐφήβοις
1342 3655 1397 3718 obv
1466 3725 1467 3746 3

254 3765 416 3849 Ἡρακλέα
437 3762 505 3826 ἀπὸ
528 3764 580 3846 νῆς
601 3762 637 3825 ἐν
655 3759 823 3824 'Euentu
844 3763 947 3846 νείκης
968 3757 1206 3844 comprobatur.

350 3969 379 4034 7)
396 3967 466 4022 Nam
484 3984 564 4020 nemo
581 3970 699 4022 statuere
717 3967 799 4036 volet,
815 3966 919 4021 duobus
937 3964 1032 4019 diebus
1049 3964 1095 4033 qui
1106 3980 1136 4018 ee
1154 3963 1311 4032 exceperint
1319 3962 1402 4031 ephe·

259 4059 309 4113 bos
327 4055 393 4111 dues
411 4069 524 4124 pompeo
541 4055 653 4110 Athenin
665 4055 793 4110 Eleusine
810 4055 930 4110 duxisse:
950 4052 1061 4107 omnino
1077 4056 1187 4121 praeter
1203 4052 1280 4106 illum
1296 4051 1402 4119 deque

260 4149 341 4200 antes
358 4143 414 4199 dixi
432 4147 462 4196 et
475 4142 545 4196 hene
564 4141 656 4197 leeohi
671 4159 801 4212 pompam
818 4142 893 4196 nulle
909 4141 990 4195 luisse
1006 4140 1127 4211 videtur,
1144 4155 1227 4209 quom
1243 4143 1309 4196 ente
1332 4140 1402 4194 hene
1465 4179 1466 4202 η

259 4233 380 4303 Athenis,
396 4234 461 4302 post
479 4247 539 4285 enm
557 4229 684 4286 Eleusine
700 4245 779 4284 euers
796 4230 893 4284 fierent
909 4227 1023 4299 (Preller
1040 4229 1060 4283 l.
1076 4229 1096 4282 l.
1114 4247 1142 4300 p.
1165 4228 1253 4298 1005.)

331 4323 361 4385 8)
380 4321 457 4376 Solus
474 4321 569 4375 titulus
588 4324 602 4374 1
623 4317 733 4373 exhibet
748 4317 963 4378 secuissem,
987 4331 1057 4384 quse
1073 4317 1238 4387 praepositio
1256 4315 1320 4372 huin
1337 4316 1401 4372 loeo

260 4413 324 4479 epta
341 4427 397 4464 non
413 4409 528 4465 videtur.
