2984 5036
778 327 843 402 'lo

245 525 309 590 quo
329 503 486 590 ephebiae
507 507 556 574 vis
577 513 612 574 et
637 511 758 575 natura
778 529 819 576 en
838 507 918 588 init,
940 508 1118 576 ntiurenes
1139 511 1248 576 omnis
1261 510 1409 596 quidem

243 609 318 674 iura
338 615 373 674 et
393 610 500 676 officia
512 612 629 678 civium
647 613 682 678 in
703 634 741 680 se
755 615 965 696 susciperent,
987 613 1046 678 sed
1060 619 1171 680 tamen
1190 620 1230 680 ut
1241 615 1290 679 eis
1314 614 1408 680 hene

243 713 294 778 nti
314 713 490 796 discerent,
524 736 590 781 nou
615 718 727 782 statim
747 717 861 783 eodem
881 738 946 800 qno
974 718 1075 782 ceteri
1095 719 1179 784 cives
1199 717 1273 784 loco
1297 718 1408 784 habe·

243 823 372 883 rentur:
392 819 490 884 immo
510 820 747 903 sapientissime
767 820 935 905 legislator
954 820 1035 887 illud
1064 822 1229 888 biennium
1249 823 1406 906 interpo

245 922 321 1005 snit,
343 943 407 1006 qno
428 923 477 987 ita
491 931 717 991 exercerentur
732 932 765 991 et
775 926 1033 1007 instituerentur,
1055 931 1102 1006 nt,
1125 947 1225 1009 quum
1236 926 1405 1009 vigoeimo

246 1027 366 1092 aetatis
386 1047 472 1092 anno
494 1049 535 1092 ex
555 1029 687 1114 ephebis
715 1029 944 1114 excederent7)
966 1030 1033 1094 iam
1062 1031 1182 1114 optime
1210 1028 1326 1113 parati
1348 1049 1405 1095 es·

246 1135 320 1196 sent
340 1130 383 1195 ed
413 1131 521 1198 omnia
541 1132 699 1200 bonorum
713 1134 831 1200 ovium
845 1138 879 1200 et
897 1139 1104 1201 strenuorum
1124 1133 1263 1200 militum
1284 1132 1403 1200 officia

243 1233 422 1301 subeunda

710 1317 922 1417 miz„

774 1423 803 1509 ξ.
827 1429 858 1490 2.
1103 1480 1121 1488 -

328 1545 398 1612 Iam
418 1545 546 1631 singula
566 1545 742 1614 videamus.
784 1547 928 1614 Primum
948 1547 1116 1631 inscriptio
1136 1547 1172 1614 in
1191 1545 1325 1614 tabulas
1346 1544 1395 1610 le-

245 1651 426 1718 xiarohices
454 1649 586 1714 maximi
615 1651 771 1715 momenti
797 1656 869 1716 erat
896 1651 931 1716 in
961 1652 1097 1734 privato
1127 1650 1279 1716 iuvenum
1309 1649 1393 1726 iure,

247 1778 346 1841 quom
368 1757 424 1841 qni
444 1759 540 1821 antee
559 1755 595 1820 in
621 1755 731 1838 patria
749 1760 913 1839 potestate
942 1755 1091 1837 inerunt,
1124 1761 1203 1820 tnnc
1231 1753 1283 1820 ani
1311 1751 1393 1817 iuris

245 1861 414 1947 fierent⁸):
443 1859 516 1925 orbi
541 1879 618 1925 vero
650 1880 750 1944 quum
779 1881 819 1926 ex
839 1866 986 1951 tutorum
1005 1864 1168 1943 potestate
1188 1857 1392 1934 excederent,

246 1965 342 2030 simol
367 1966 415 2030 rei
446 1963 616 2029 familiaris
649 1965 885 2047 possessionem
915 1970 948 2029 et
983 1963 1306 2036 administrationem,
1327 1959 1392 2044 ipsi

245 2072 473 2151 susceperunt;
503 2067 590 2132 idem
618 2086 659 2132 ex
689 2067 760 2131 inre
781 2068 891 2132 Attico
921 2065 1010 2131 valet
1029 2067 1070 2132 de
1101 2066 1177 2132 filiis
1197 2063 1389 2149 e'matp'pcv,

244 2171 364 2254 qnippe
387 2190 469 2254 qnae
490 2189 556 2234 non
585 2168 725 2252 amplius
746 2169 930 2235 fruerentur
950 2168 1064 2249 bonis,
1086 2189 1184 2252 quam
1203 2167 1289 2233 filins
1309 2185 1390 2250 puer

244 2279 341 2340 esset.
385 2272 598 2357 (Testimonia
627 2272 821 2355 scriptorum
848 2271 921 2338 vide
949 2271 1037 2356 apud
1064 2270 1261 2339 Boeekhium
1290 2292 1324 2354 p.
1348 2275 1388 2335 80

244 2381 278 2444 et
299 2375 504 2444 Schaeierum
525 2398 558 2460 p.
582 2379 624 2440 24
635 2377 712 2461 sq).

331 2479 440 2545 Etiam
460 2478 590 2563 publica
611 2485 721 2546 autem
740 2479 814 2543 iura
842 2499 915 2545 cnm
936 2477 1073 2562 ephebia
1093 2481 1265 2544 coniuncte
1285 2483 1386 2556 erant,

243 2584 294 2649 Ita
315 2605 542 2667 nonnunquam
566 2583 653 2666 apud
672 2563 797 2648 vetehes
830 2583 1005 2665 scriptores
1032 2580 1168 2666 legimns
1190 2581 1332 2664 ephebos
1351 2581 1387 2644 li·

242 2691 367 2775 turgias
400 2691 612 2774 praestitisse.
651 2688 830 2774 (Demosth.
857 2693 906 2771 18,
929 2693 1003 2754 257.
1026 2693 1078 2774 21,
1103 2690 1189 2774 154).
1231 2687 1334 2754 Porro
1354 2688 1386 2752 in

243 2793 371 2859 iudiciis
400 2813 515 2859 causas
547 2801 644 2876 agere
678 2793 723 2858 eis
749 2791 859 2873 licuit,
890 2798 928 2858 ut
950 2798 1087 2876 apparet
1106 2813 1146 2858 ex
1165 2791 1385 2857 Demosthenis

242 2897 344 2980 ipsius
361 2882 521 2980 exemplo,
544 2895 599 2979 qui
621 2895 732 2962 statim
752 2901 828 2979 post
848 2895 1090 2979 inscriptionem
1112 2901 1237 2972 tutores
1259 2916 1384 2961 accusa·

241 3001 297 3066 vit.
321 3001 374 3087 (ef.
396 3006 566 3084 praeterea
586 2999 726 3084 Lys.10‚
751 3001 828 3086 31.).
871 3000 989 3066 Utrum
1011 3005 1120 3066 autom
1141 3000 1239 3066 etiam
1263 3021 1382 3066 summo

242 3103 358 3169 civium
379 3104 562 3169 Atticorum
590 3103 661 3167 iure
692 3102 727 3167 in
760 3103 899 3171 comitiis
929 3103 1056 3170 dicendi
1078 3109 1111 3170 et
1132 3103 1321 3188 suffragium
1339 3103 1383 3168 f·

242 3208 334 3274 rendi
353 3206 494 3291 praediti
514 3205 634 3271 fuerint
656 3226 765 3287 necne,
799 3205 840 3271 de
861 3205 923 3272 hac
944 3228 981 3272 re
1001 3206 1088 3272 inter
1107 3206 1253 3272 homines
1276 3205 1383 3272 doctos

241 3331 305 3378 non
339 3310 495 3377 convenit.
539 3308 719 3376 Boeekhios
754 3309 839 3376 enim
871 3331 902 3393 p.
928 3313 970 3374 88
1001 3331 1072 3394 sqq.
1110 3310 1239 3376 omnino
1277 3318 1380 3394 negat,

240 3555 401 3628 κνμάζεσθαν
418 3556 474 3624 (aut
494 3555 582 3610 solum
606 3561 653 3611 aut
679 3556 780 3612 additis
797 3555 887 3628 ἄνδρα
904 3557 975 3610 εἶναι
992 3557 1036 3613 vel
1052 3553 1089 3616 ele
1107 3555 1221 3629 ἄνδρας)
1240 3557 1328 3629 ἄνδρα
1343 3564 1382 3630 γλ·

239 3650 362 3716 prestat,
379 3645 494 3705 ἐξελθεῖν
511 3643 555 3699 vol
572 3642 783 3698 ἀπαλλάττεσθαι
801 3647 829 3698 ἐκ
846 3645 962 3697 παίδων.

315 3733 343 3803 7)
361 3734 388 3794 ἐξ
406 3733 513 3802 ἐφήβων
530 3734 675 3803 γίγνεσθαι
692 3731 773 3800 (Plut.
790 3734 853 3796 v,X
870 3751 910 3789 or.
918 3736 973 3789 844
983 3733 1033 3803 0.),
1050 3734 1134 3788 etiam
1151 3736 1178 3796 ἐξ
1196 3734 1303 3807 ἐφήβων
1318 3739 1381 3792 εἶναι

242 3821 342 3878 dicitnr
360 3820 449 3889 (Teies
466 3839 511 3891 ap.
531 3821 607 3878 Stob.
624 3822 684 3878 flor.
703 3825 746 3893 98,
765 3818 820 3887 72.)
836 3826 866 3876 et
883 3822 910 3874 ot
927 3822 955 3882 ἐξ
972 3820 1080 3891 ἐφήβων
1098 3821 1171 3891 (sbti.
1188 3831 1249 3897 Pp.
1271 3828 1330 3897 154)
1350 3849 1377 3874 =

242 3911 270 3966 oi
285 3911 341 3963 ἕνον
359 3910 463 3978 ἔφηβον.

313 3998 341 4068 8)
360 3997 413 4052 hoc
440 3998 564 4069 inprimis
590 3999 730 4054 Aeschinis
758 4003 916 4060 testimonio
937 4009 961 4060 1.
979 4005 1004 4076 ξ.
1017 4009 1058 4061 18.
1083 3999 1153 4061 effici
1177 4003 1245 4058 mihi
1268 4003 1378 4058 videtur:

241 4086 349 4144 ἐνταῦθ’
375 4085 389 4139 ὃ
414 4088 561 4158 νομοθέτης
585 4088 662 4142 οὔπω
689 4090 838 4162 διαλέγεται
863 4094 934 4165 αὐτῷ
951 4094 986 4165 τῷ
1011 4094 1115 4165 σώματι
1132 4095 1177 4147 τοῦ
1194 4094 1301 4156 παιδός,
1319 4091 1378 4148 ἀλλὰ

240 4181 295 4237 τοῖς
310 4175 372 4248 περὶ
389 4173 434 4229 τὸν
451 4177 546 4240 παῖδα,
564 4177 658 4248 πατρὶ,
682 4178 803 4251 ἀδελφῷ,
829 4184 875 4236 καλ
899 4180 967 4243 ὅλως
985 4187 1038 4244 τοῖς
1062 4187 1174 4254 κυρίοις.
1193 4182 1302 4237 ἐπειδὰν
1317 4183 1377 4253 ‹i'iy-

240 4265 336 4338 γραφῇ
354 4267 391 4328 εἰς
407 4265 433 4319 ri
454 4266 626 4338 ληξιαρχικὸν
638 4271 831 4341 ’γραμματεῖον
850 4309 875 4324 ..
895 4271 979 4326 οὐκέτι
996 4271 1073 4342 ἑτέρῳ
1093 4271 1239 4340 διαλέγεται
1257 4271 1317 4328 ἀλλ’
1335 4271 1377 4336 ἤδη

242 4353 320 4426 αὐτῷ,
338 4359 366 4411 et
383 4371 432 4426 per
449 4373 478 4412 se
496 4356 720 4414 verisimillimum
739 4364 790 4413 est.
