2984 5036
641 293 681 358 47

82 481 152 527 non
174 465 264 530 nemo
286 460 413 528 cuidam
435 461 536 542 iesto,
566 461 622 528 sed
645 460 792 528 omnibus
815 465 852 529 ut
874 459 1019 540 videtur,
1049 479 1131 544 quae
1160 459 1234 536 aliis

83 565 332 656 magistratibus
354 586 418 632 nou
450 563 604 636 mandata
626 571 727 648 sunt,
752 564 918 634 sacrificiis
945 568 979 629 et
1007 562 1234 630 certaminibus

83 669 283 738 adornandis
299 668 336 753 ὅ).
417 729 464 740 ,.
550 729 556 740 .
634 735 639 746 ,
832 737 836 748 ,
892 707 895 719 -

151 773 187 840 Iu
208 769 397 856 posterioris
421 770 575 854 temporis
597 767 699 838 titulis
707 768 851 853 ,donique
864 764 1079 852 agonothetae
1095 765 1234 858 singulo-¹

87 899 162 942 rum
184 875 359 956 festorum,
370 873 517 958 inprimis
534 873 745 943 maximorum
765 878 801 946 et
820 869 1175 956 splendidissimorum,
1195 875 1234 934 ut

85 981 325 1048 Eleusiniorum
339 999 527 1064 magnorum
542 974 623 1062 (Ἐφ.
636 974 709 1059 ἀρχ.
722 999 794 1072 περτ
805 981 845 1040 Β.
853 973 908 1056 rip.
921 971 996 1057 181)
1009 970 1236 1070 Dionysiorum

90 1084 182 1170 istri„
197 1090 228 1154 A,
246 1103 278 1167 p.
289 1088 331 1150 90
343 1103 415 1166 sqq.
440 1083 495 1164 94)
509 1081 538 1167 4)
561 1086 869 1164 commemorantum
890 1080 1036 1164 inprimis
1059 1099 1126 1162 eae,
1150 1099 1235 1164 quae

87 1189 131 1254 ad
154 1187 357 1274 epheborum
371 1206 423 1252 res
445 1184 610 1268 pertinent
631 1190 664 1252 et
686 1185 924 1267 imperatorum.
938 1189 1085 1267 tempore
1107 1205 1233 1268 compo·

76 1277 172 1358 nsitae
194 1289 542 1372 sumt„inseripticuss
562 1288 684 1354 ›mrdtos
707 1287 921 1372 agonothetas
949 1307 1114 1352 sacrorum
1135 1309 1234 1370 quum

87 1397 168 1478 ipsis
190 1391 438 1478 imperatoribus
460 1391 635 1470 factum
658 1395 727 1457 tum
749 1390 903 1471 aliorum,
925 1394 962 1457 ut
984 1388 1234 1469 Athenaeorum,

88 1499 295 1577 Theseorurn,
319 1495 536 1580 Epiuiciorum
560 1492 682 1579 (omnia
704 1493 898 1562 enumerabo
921 1513 990 1576 cap.
1013 1493 1066 1568 IV.
1095 1498 1125 1574 ς.
1143 1497 1169 1558 :2
1192 1493 1234 1578 Β)

89 1603 236 1672 efferunt.
281 1603 386 1684 Atque
409 1599 514 1679 solent
527 1597 666 1686 ,quidem
687 1597 747 1664 hoc
768 1606 913 1683 ternpore
935 1595 1064 1681 “singuli
1092 1597 1234 1681 singulo-

91 1728 164 1772 rum
185 1706 341 1776 festorum
355 1702 577 1788 ,agonothetae
599 1723 685 1782 esse,
716 1724 814 1796 saepe
835 1724 910 1770 vero
933 1703 1033 1770 etiarn
1052 1701 1115 1768 duo
1138 1699 1232 1784 (cst.

90 1813 125 1878 A
144 1829 177 1893 p.
202 1814 275 1876 aaa.
297 1832 330 1876 n.
345 1814 397 1876 so.
424 1814 475 1876 21.
494 1813 573 1896 ¹ers.
597 1829 625 1871 v.
650 1809 701 1872 uo.
725 1812 766 1870 a.
788 1829 821 1890 p.
837 1811 911 1872 430.
933 1827 963 1872 v.
986 1809 1039 1869 41.
1062 1806 1092 1866 r
1109 1809 1232 1892 narr.

91 1937 121 1976 v.
146 1917 188 1977 24
210 1934 258 1997 sq,
282 1917 354 1977 278.
376 1937 405 1979 v.
430 1913 484 1999 33)
507 1910 601 2006 sirnuul
624 1931 662 1975 eo
685 1931 816 1986 munere
838 1910 1032 1994 funguntur3
1061 1905 1096 1975 O.
1126 1908 1150 1973 Ι.
1175 1908 1231 1974 Gr.

92 2019 157 2082 283
178 2017 260 2084 adeo
282 2037 391 2084 omnes
413 2005 637 2101 sophronistoe
659 2035 726 2082 una
745 2035 818 2080 cum
839 2019 982 2096 cosmeta
1002 2015 1236 2082 Antince'orum

90 2120 305 2204 agonothetes
326 2128 419 2202 sunt,
442 2129 475 2188 ct
499 2121 573 2187 wei„
592 2123 627 2184 A
646 2140 677 2203 p
702 2121 766 2188 524
787 2135 816 2182 r.
838 2122 881 2184 40
902 2118 1060 2190 vocabula
1079 2121 1237 2201 scopare,

91 2247 162 2296 assu
177 2221 346 2310 ci'ipqpios
362 2223 457 2292 aliter
470 2223 605 2306 intelligi
621 2225 799 2304 nequount,
822 2220 886 2288 nisi
904 2226 942 2286 ut
962 2241 1073 2294 omnes
1084 2221 1234 2306 ephebos

92 2325 187 2393 simul
207 2327 450 2412 agonothesiarn
472 2325 651 2411 suscepisse
674 2325 827 2389 dicamus.
878 2325 921 2389 Hi
943 2346 1052 2406 pmnes
1073 2326 1145 2398 ism,
1159 2347 1234 2410 pro·

92 2438 205 2514 pterea
219 2431 305 2514 quod
323 2431 357 2501 in
368 2430 473 2498 titulis
495 2427 692 2512 epheborum
712 2433 930 2508 recensentur,
951 2427 1101 2495 ludorum
1114 2431 1234 2514 gymni-

92 2557 204 2606 corum
224 2535 438 2620 agonothetes
461 2536 553 2614 sunt,
581 2529 693 2598 eodem
715 2530 810 2596 modo
831 2551 907 2596 vcro
930 2531 1026 2596 etiam
1049 2532 1092 2596 ad
1112 2533 1235 2616 musice

92 2638 269 2711 certamina
282 2634 510 2721 agonothesiae
525 2655 641 2720 munus
656 2631 821 2726 spectasse
830 2635 926 2702 docet
947 2637 1061 2705 titulus
1081 2636 1115 2702 O,
1134 2639 1159 2704 1.
1176 2637 1232 2704 Gr.

94 2745 159 2806 200
183 2740 257 2804 nat.
278 2747 309 2803 A
328 2761 360 2823 p.
385 2743 437 2804 94.
480 2735 612 2804 illorum
634 2758 709 2802 rero
732 2759 815 2822 quae
843 2739 964 2807 iruerint
985 2761 1121 2832 munera
1142 2762 1234 2808 accu-

92 2844 255 2918 ratissima
269 2842 488 2926 cognoscimus
504 2862 543 2908 cx
556 2841 660 2908 titulis
673 2841 747 2908 dhi.
763 2847 832 2925 Bp.
848 2847 907 2909 132
919 2864 990 2927 sqq.
1003 2846 1067 2928 Pp.
1083 2848 1143 2908 150
1152 2867 1234 2930 sqq,

92 2947 151 3012 ubi
171 2946 315 3012 homines
337 2945 468 3030 quidum
489 2950 623 3030 propter
646 2945 725 3010 bene
747 2950 872 3030 gestem
893 2945 1089 3014 Thesecrum
1118 2968 1235 3032 agano

93 3049 232 3143 thesium
253 3048 448 3132 laudantur,
477 3051 533 3134 qui
554 3049 704 3124 dicuntur
725 3069 891 3134 pompam,
922 3051 1131 3134 sacrificium,
1160 3053 1236 3118 lam·

93 3153 388 3237 praestamina
416 3153 564 3238 gymmsa
592 3151 789 3231 instituisse,
821 3153 936 3220 deinde
964 3156 1109 3237 praemia
1138 3163 1171 3222 et
1197 3158 1238 3222 iis

94 3257 151 3341 qui
171 3257 324 3336 vicissent
343 3255 423 3344 ipsis
445 3260 478 3320 et
500 3254 651 3327 tribubus
673 3255 858 3323 victricibus
879 3277 1032 3339 parasse,
1069 3263 1240 3344 praeterea

96 3359 138 3424 ad
161 3364 324 3442 sumptum
345 3358 446 3424 totius
474 3358 548 3424 festi
577 3358 779 3426 tolerandum
809 3360 936 3426 senatui
966 3358 1092 3426 dedisse
1124 3361 1238 3426 drach-

96 3482 166 3528 mas
188 3460 275 3529 mille
295 3461 470 3539 ducentas,
505 3459 697 3544 prytauibus
726 3467 853 3530 centum
883 3462 925 3528 ad
956 3481 1047 3528 sacra
1079 3463 1236 3545 iacienda,

95 3568 145 3633 ita
166 3571 203 3632 ut
226 3564 399 3630 secuudum
419 3563 561 3646 priorem
589 3565 830 3648 inscriptionem
861 3566 927 3633 tria
957 3565 1046 3634 milia
1076 3572 1238 3632 trecentas

96 3667 271 3752 nonaginta
293 3666 461 3736 drachmas
482 3669 679 3759 agonotheta
700 3688 740 3736 cx
762 3689 797 3734 re
819 3669 971 3736 fauriliari
990 3669 1184 3754 impenderit
1198 3671 1237 3754 5).

169 3886 197 3955 3)
215 3885 279 3956 „arci
296 3885 468 3956 ἀγωνοθέτης
482 3885 680 3959 prosternitis
698 3884 750 3937 tut
768 3884 813 3938 rai
831 3885 919 3956 δῆμον
937 3883 982 3939 tut
996 3890 1092 3940 Nerion
1111 3887 1238 3960 ἄρχοντος

97 3973 242 4044 tarpei-idq
260 3973 312 4028 mir
329 3993 354 4028 rs
373 3975 476 4030 tussia
495 3973 569 4036 iners
586 3973 622 4027 riu
646 3969 860 4049 conteditis}
887 3973 973 4034 nim·
997 3975 1063 4033 rard
1086 3975 1117 4030 ut
1133 3981 1238 4049 ,κόπρια

96 4060 142 4117 καὶ
159 4063 188 4114 oi
204 4062 309 4133 ἀγῶνες
327 4063 363 4126 ὥς
380 4067 512 4120 arithmus
530 4060 690 4140 [rimmo]-
1158 4061 1161 4066 “

168 4151 197 4220 4)
214 4169 242 4221 p.
260 4155 297 4210 94
313 4155 386 4218 idem
405 4161 447 4212 est
463 4160 544 4226 atque
562 4154 664 4210 archon
681 4169 842 4223 eponymus,
865 4169 893 4221 p.
913 4155 948 4208 90
965 4152 1001 4206 ab
1019 4169 1052 4206 eo
1071 4152 1201 4208 disemus.

168 4239 197 4307 b)
214 4241 277 4294 sn„
294 4248 362 4312 1¹1³.
381 4246 432 4299 1⁵0
448 4259 507 4313 sqq.
526 4258 679 4312 quanquam
704 4257 738 4296 ca
759 4257 828 4316 quae
844 4238 1010 4296 antecedunt
1027 4239 1109 4308 plane
1127 4239 1163 4295 sd
1180 4257 1239 4294 ver·
1356 4262 1360 4270 ·

96 4327 161 4382 bum
180 4327 277 4382 eudem
292 4328 348 4385 siut
364 4336 444 4400 etque
461 4331 532 4401 illic,
560 4335 652 4390 tamon
677 4346 784 4386 summa
807 4328 990 4397 impensarum
1016 4327 1070 4383 duo
1088 4326 1164 4388 milis
1179 4345 1238 4383 sex·

98 4421 191 4472 cautes
207 4417 356 4487 nonaginta
373 4417 516 4474 drachmae
534 4417 655 4480 mecine
672 4417 781 4474 dicitur.
