2984 5036
746 249 765 296 ¹1

275 400 408 468 Ceterae
429 422 505 468 vero
526 401 766 485 inscriptiones,
796 403 837 467 de
866 401 984 486 quibus
1014 403 1142 468 omnino
1173 405 1253 470 certi
1274 403 1333 470 eli·
1370 424 1389 444 ·
1489 488 1490 492 Ἰ

189 507 265 591 quid
287 505 389 572 statui
410 509 529 588 potest,
552 503 719 588 aliquanto
741 505 935 570 recentiores
958 510 1042 570 sunt.
1091 505 1170 570 Nam
1194 505 1334 590 catalogi

188 612 229 676 ab
251 609 462 676 Erechthcide
482 608 655 692 incipiunt,
690 615 739 690 et,
771 609 827 675 ubi
849 630 907 674 eae
938 614 1048 692 partes
1079 615 1225 674 servatae
1247 617 1332 692 sunt,

188 714 387 782 Ptolemaida
409 719 442 778 et
463 711 609 777 Attalida
631 713 796 778 continent
825 715 934 798 (inser.
956 717 984 776 3.
1000 713 1043 799 5¹.)
1066 714 1215 794 Accedit,
1247 715 1334 798 quod

188 820 220 882 iu
242 818 292 883 his
315 814 462 882 omnibus
483 815 621 880 Romani
642 813 745 896 φίλοι,
770 813 947 896 σύμμαχοι,
970 813 1129 900 εὔεργέται
1152 820 1207 878 roi
1229 816 1334 900 δήμου

188 921 393 1005 appellantur
421 917 509 1004 (oti.
539 919 635 983 inser.
670 922 684 981 1
708 940 737 983 v.
766 922 814 982 18.
839 923 858 982 2
880 941 908 982 v.
934 923 985 982 21.
1011 924 1029 982 3
1051 941 1079 982 v.
1107 924 1156 983 15.
1180 923 1333 1018 4v.'1p;

188 1027 288 1090 etiem
306 1023 374 1105 Ἐφ.
395 1021 466 1107 α’ρχ.
488 1027 572 1086 4041
595 1044 624 1086 v.
652 1027 691 1086 10
721 1023 837 1087 ceteris
866 1023 962 1087 inser.
993 1022 1118 1088 collatis
1148 1023 1335 1108 ἀπήντησαν

190 1131 225 1192 ds
247 1135 388 1200 καὶτοῖς
409 1125 601 1211 συμμόχο[ις
622 1130 679 1190 τοῦ
702 1126 819 1210 δήμου]
837 1125 1020 1212 ‘Perniciose
1050 1119 1265 1211 supplendum
1283 1133 1336 1194 est

189 1239 222 1298 et
243 1233 281 1298 E.
295 1231 399 1297 Curtii
421 1231 591 1314 explicatio
614 1230 685 1315 (ll.
701 1252 732 1314 p.
751 1233 837 1312 335),
863 1233 1007 1314 quamvis
1029 1252 1088 1313 per
1110 1253 1145 1296 se
1159 1215 1336 1315 ⁸aptissima

188 1338 336 1426 videatur
357 1356 437 1414 esse,
461 1335 649 1400 reiicienda:
670 1336 750 1400 item
771 1335 848 1401 ibid.
860 1340 944 1399 4042
957 1357 986 1399 v.
1000 1337 1063 1420 14).
1112 1336 1237 1402 Foedus
1258 1356 1335 1400 vero

189 1448 275 1509 iuter
295 1441 457 1504 Romanos
480 1444 512 1503 et
533 1437 745 1503 Athenienses
774 1439 895 1504 factum
922 1444 972 1504 est
1001 1459 1085 1505 anno
1109 1445 1172 1504 200
1195 1460 1224 1504 a.
1248 1439 1335 1518 chr,

191 1565 288 1626 quum
329 1542 494 1626 Phihppus
538 1541 695 1607 Demetrii
729 1543 752 1608 f.
790 1543 1001 1608 Athenienses
1039 1543 1124 1610 bello
1164 1545 1337 1610 lacesseret

191 1648 300 1732 (Paus.
323 1647 420 1726 1,.36,
437 1647 481 1729 4).
533 1645 583 1709 Ex
605 1644 709 1710 altera
730 1651 824 1728 parte
845 1646 878 1710 id
901 1666 960 1729 pro
984 1651 1072 1711 certo
1096 1649 1196 1712 statui
1216 1652 1336 1731 potest,

191 1771 301 1816 omnes
336 1747 394 1814 has
430 1749 657 1832 inscriptiones
693 1742 845 1814 exaratas
884 1769 954 1814 esse
993 1755 1069 1816 ante
1105 1751 1338 1834 imperatorum

191 1855 409 1920 Romanorum
430 1858 596 1936 tempora.-
627 1873 703 1916 nam
724 1853 756 1916 in
780 1854 1005 1918 enumerandis
1025 1853 1109 1919 ludis
1131 1854 1337 1935 solemnibus,

193 1980 273 2042 quos
295 1956 411 2039 ephebi
424 1956 666 2034 celebraverint,
689 1954 778 2020 nulla
799 1957 919 2021 mentio
941 1957 979 2022 fit
998 1977 1163 2023 sacrorum
1184 1960 1219 2023 in
1238 1958 1336 2024 hono·

192 2083 261 2126 rem
288 2061 469 2144 principum
496 2060 670 2139 factorum,
703 2080 785 2142 quae
814 2067 929 2143 posteo
955 2061 1115 2145 permulta
1144 2063 1273 2128 luerimt
1295 2065 1338 2148 (.

193 2162 279 2229 infra
301 2185 370 2246 cap.
392 2164 436 2228 IV
459 2165 486 2247 ᾖ.
511 2169 529 2227 2
552 2163 604 2243 Β).
649 2163 713 2230 Sed
735 2165 834 2229 etiam
855 2167 1037 2230 accuratius
1063 2173 1201 2232 aetatem
1228 2166 1340 2232 titulo·

193 2283 263 2332 rum
295 2259 427 2332 definire
459 2267 652 2349 poterimus,
685 2268 712 2331 si
744 2269 999 2351 reputaverimus
1028 2271 1167 2352 primum
1194 2271 1340 2338 Romana

194 2373 324 2460 nourina
352 2359 446 2436 inter
467 2370 606 2454 ephebos
638 2372 810 2436 admodum
831 2393 907 2437 rara
937 2393 1024 2454 esse,
1054 2379 1152 2458 atque
1173 2374 1340 2440 rarissima

195 2478 326 2560 quidem
346 2476 380 2539 in
403 2474 516 2539 civium
539 2474 720 2539 Atticorum
741 2496 873 2541 numero
902 2476 950 2563 (in
974 2475 1047 2540 Φιλ.
1068 2477 1164 2542 inser.
1191 2483 1218 2542 l.
1240 2498 1340 2542 unum

197 2580 353 2646 eiusmodi
381 2599 497 2663 nomen
526 2583 576 2643 est
598 2577 747 2651 Πόπλιος
768 2582 907 2642 Λευκίου
931 2578 1102 2659 Μελιτεύς,
1134 2582 1212 2646 item
1240 2601 1340 2646 unum

196 2688 292 2750 inser.
311 2688 339 2763 3,
363 2683 426 2746 duo
449 2682 545 2745 inser.
565 2686 599 2762 43
622 2681 657 2745 in
679 2681 793 2747 ceteris
815 2681 937 2750 nullum
951 2685 1121 2768 superest),
1144 2685 1192 2750 ita
1214 2691 1251 2750 ut
1268 2707 1341 2770 per-

197 2811 271 2854 raro
294 2789 376 2854 cives
398 2787 561 2851 Romanos
585 2786 727 2850 Atticam
749 2786 910 2851 civitatem
940 2786 1075 2871 adeptos
1098 2809 1185 2868 esse,
1219 2809 1340 2855 morem

197 2912 273 2958 vero
302 2890 433 2954 nomina
465 2888 598 2972 gentilia
617 2889 765 2954 Romana
793 2891 859 2955 suis
880 2891 1113 2974 praeponendi,
1143 2894 1198 2975 qui
1228 2898 1344 2976 postea

198 2995 354 3060 latissime
380 2993 487 3074 patuit
501 2993 543 3076 ⁵),
578 2998 646 3057 tum
675 3014 716 3057 ne
745 2993 843 3059 fuisse
866 2994 994 3077 quidem
1017 2996 1147 3060 omnino
1176 3002 1341 3080 appareat.

200 3099 263 3164 Sed
295 3097 393 3162 etiam
421 3097 506 3161 inter
536 3097 721 3180 peregrinos
754 3119 819 3162 non
847 3097 939 3162 multi
967 3105 1044 3188 sunt
1071 3100 1223 3184 Romani,
1255 3101 1344 3167 uelut

200 3205 295 3267 inscr.
321 3205 419 3264 3tres
441 3205 568 3264 tentum
590 3221 630 3264 ex
652 3207 774 3284 septem
797 3207 830 3266 et
851 3203 985 3286 triginta
1006 3203 1137 3286 ephebis
1155 3205 1344 3290 peregrinis,

202 3329 301 3390 quum
324 3306 423 3370 ceteri
446 3326 555 3370 omnes
580 3305 694 3371 Graeci
716 3307 796 3386 sint,
825 3306 972 3390 inprimis
994 3307 1128 3391 Milesii,
1151 3307 1344 3375 Antiochen·

203 3431 264 3492 ses,
287 3408 509 3472 Laodicenses.
553 3409 659 3473 Etiam
687 3410 722 3475 id
747 3409 834 3476 haud
861 3410 1085 3496 negligendum
1106 3413 1249 3494 ridetur,
1272 3411 1345 3480 illos

202 3516 363 3580 Romanos
385 3532 504 3591 omnes,
528 3514 631 3596 etqui
653 3515 768 3578 civium
790 3521 823 3580 et
845 3516 900 3598 qui
910 3516 1150 3598 peregrinorum
1172 3516 1243 3582 loco
1259 3523 1345 3600 sunt,

203 3619 280 3683 solis
311 3617 378 3682 suis
410 3622 443 3681 et
470 3622 601 3699 patrum
627 3619 893 3700 praeerominibus
917 3618 1017 3702 (velut
1039 3622 1181 3702 Δέκομος
1200 3623 1346 3704 Δεκόμου

204 3839 314 3877 necesse
333 3825 384 3875 est.
420 3821 474 3875 eur
492 3822 598 3878 deletae
617 3826 671 3879 sint
689 3826 714 3880 ei
732 3827 778 3896 qui
800 3826 873 3882 illius
899 3827 1031 3898 temporis
1055 3827 1195 3884 historiam
1213 3833 1242 3884 et
1257 3846 1347 3886 mores

205 3911 321 3979 noverit,
338 3908 449 3962 minime
467 3910 611 3966 obscurum
628 3914 688 3968 erit.
1416 3984 1419 3994 1

279 3998 305 4066 5)
324 3995 452 4066 inprimis
469 3997 662 4068 imperatorum
679 4003 789 4058 nomina
806 4003 859 4058 sibi
876 4020 1012 4060 assumere
1032 4005 1170 4074 solebaut3
1188 4006 1274 4060 veluti
1286 4007 1348 4060 oa.

207 4089 230 4140 A
249 4105 278 4156 p.
296 4089 350 4140 428
361 4103 423 4156 sqq:
439 4089 492 4141 484
505 4103 564 4156 sqq.
580 4089 652 4143 inter
670 4090 789 4158 ephebos
806 4092 884 4147 unius
906 4092 970 4146 anni
989 4109 1045 4148 non
1063 4094 1152 4148 minus
1172 4111 1255 4164 quam
1272 4101 1349 4165 quat·

207 4180 270 4230 tuor
294 4179 321 4228 st
346 4175 541 4245 quinquaginta
564 4177 665 4232 Aurelii
690 4184 767 4248 sunt;
791 4181 850 4236 ibid
873 4187 896 4232 Γ
910 4199 939 4251 p.
958 4185 1010 4236 555
1036 4181 1104 4236 adeo
1126 4180 1183 4237 iere
1208 4200 1302 4239 omnes
1319 4183 1349 4238 id

94 4265 96 4272 '
206 4279 306 4318 nomen
324 4269 429 4333 gerunt.
