2984 5036
773 277 811 340 72

307 445 473 514 Accedunt
503 446 577 514 novi
605 445 737 531 quidam
758 445 828 512 ludi
860 438 947 508 velut
966 437 1193 523 Ἐπινίιια,
1227 467 1377 531 quorum
1475 435 1476 450 ¹

223 550 439 635 agonothetae
468 550 503 622 in
538 549 686 616 omnibus
719 549 785 616 illis
817 547 973 633 catalogis
1007 553 1232 631 recensentur,
1278 554 1319 616 01
1354 551 1375 616 ὁ
1475 607 1476 634 ,

222 658 317 740 napi
342 653 474 740 ἀλκῆς
503 653 586 739 (0011.
613 653 705 736 o'rso‘r
722 653 809 738 'App
839 653 895 738 tp.
916 673 988 738 περ.
1017 657 1058 718 Β.
1080 651 1133 739 ἄρ.
1159 658 1221 720 199
1253 677 1284 720 r.
1311 656 1375 740 89)

222 759 258 824 c.
280 760 305 824 1.
330 758 386 826 er.
410 763 525 824 sear.
552 763 602 824 14.
626 757 700 825 aa
722 764 809 842 Ap.
833 762 907 824 004.
929 760 995 822 me
1017 759 1097 840 rp.
1120 753 1370 842 01000ορ»

222 868 324 946 26003
356 864 435 930 item
456 862 534 928 ibid.
558 865 642 930 2601
666 886 695 929 v.
722 867 762 928 15
793 883 869 928 nam
891 881 974 946 quae
995 861 1135 928 Pittakis
1161 860 1208 928 ibi
1230 861 1372 946 scripsit

221 989 318 1034 sensu
346 987 441 1034 00000
468 968 568 1053 sunt).
611 967 887 1053 Deniqueetiam
909 985 993 1051 quae
1017 965 1093 1030 aaa
1112 968 1143 1028 Γ
1160 987 1191 1050 p.
1214 969 1282 1031 444
1314 966 1368 1049 101.

214 1072 302 1156 'App
324 1071 380 1156 ἐφ.
410 1069 609 1156 00011010.
634 1072 705 1155 lea)
734 1072 885 1155 leguntur
915 1070 976 1146 „dx
996 1073 1059 1134 τῶν
1081 1073 1369 1155 σεβασιοφοριοιῶν

218 1174 324 1261 ἐδόθη
350 1175 388 1240 ἐν
413 1175 596 1251 Πλαταιαῖς
623 1178 668 1262 nsi
699 1173 842 1262 διαλόγῳ
875 1173 1013 1258 διανομὴ
1041 1184 1108 1249 τοῖς
1135 1174 1271 1258 ἔφη’βοις
1305 1181 1366 1239 καὶ

218 1291 283 1354 τοῖς
302 1283 374 1365 περὶ
394 1280 450 1365 τὴν
470 1279 656 1362 ἐπιμέλειαν
676 1278 783 1344 αὐτῶν
804 1280 1021 1361 000000100ιῷ
1044 1278 1086 1344 (10
1100 1278 1204 1344 sacris
1228 1277 1365 1363 quibus·

218 1385 293 1451 dam
321 1384 530 1469 intelligenda
560 1385 728 1465 videntur,
761 1404 957 1468 quamquam
980 1385 1015 1448 iu
1036 1382 1176 1468 singulis
1192 1382 1364 1450 vocabulis

216 1487 377 1571 permulta
405 1488 545 1554 obscura
575 1494 661 1555 sunt.
706 1485 972 1573 Σεβαοτοφορικοί
1001 1487 1086 1553 enim
1115 1505 1233 1554 nomen
1261 1487 1361 1570 01000

192 1599 194 1602 ’
216 1612 334 1658 novum
356 1598 422 1674 est3
451 1593 486 1659 id
506 1613 583 1659 vero
611 1592 697 1659 unde
718 1594 781 1660 hoc
802 1593 984 1674 derivatim,
1011 1575 1248 1676 σοβωιοφόροξ
1270 1592 1361 1675 apud

217 1696 349 1762 Suidam
372 1719 397 1763 s.
420 1719 449 1763 v.
472 1697 654 1776 Αὔγουστος
675 1701 945 1766 commemoratur
965 1717 1005 1763 ea
1025 1696 1067 1778 vi,
1095 1701 1133 1762 01
1155 1697 1358 1763 sacerdotem
1476 1687 1477 1706 ¹

216 1802 352 1884 Augusti
374 1801 546 1887 significet3
579 1823 679 1887 quum
699 1822 776 1870 vero
809 1803 844 1868 in
864 1807 1005 1885 utroquo
1025 1800 1140 1882 titulo,
1179 1799 1253 1864 eal.
1275 1803 1307 1864 Γ
1323 1823 1359 1886 p.

216 1910 280 1972 444
301 1911 336 1972 01
353 1904 446 1986 Ἀρχ.
465 1906 519 1990 ἐφ.
541 1904 596 1994 α’ρ.
622 1910 699 1988 199,
735 1906 891 1990 00000100
918 1925 959 1971 ox
988 1904 1054 1971 illis
1075 1906 1359 1989 σεβασιοφορικοτς

215 2014 367 2092 erogatae
387 2030 457 2075 0000
472 2009 623 2076 dicuntur
644 2009 691 2083 010
710 2011 832 2083 θυσίας
852 2006 934 2093 ὑπὲρ
955 2010 1108 2093 τῆςνΙοιης
1128 2004 1252 2092 [01001ος
1273 2013 1359 2092 Αρχ.

214 2111 282 2197 ἐφ]
309 2115 364 2178 τοῦ
395 2111 646 2198 οὐοοκροίωρος,
679 2113 818 2180 fortasse
851 2114 896 2179 de
924 2113 1052 2178 aerario
1080 2111 1222 2196 quodam
1248 2133 1356 2194 00000,

215 2237 254 2282 ax
276 2237 340 2300 quo
361 2216 525 2300 impensae
545 2217 579 2282 in
600 2216 722 2283 cultum
742 2219 975 2302 imperatorum
996 2217 1123 2299 fierent,
1147 2216 1355 2302 cogitandum

214 2325 273 2386 est.
317 2320 355 2386 In
376 2319 434 2386 illa
455 2320 683 2389 distributione
705 2322 860 2406 pecuniae
881 2339 958 2388 vero
979 2320 1120 2406 ephebos
1141 2325 1263 2404 ternos,
1283 2343 1353 2388 ma·

213 2425 332 2508 gistros
354 2427 471 2510 quinos
494 2425 646 2493 denarios
669 2427 833 2511 accepisse
856 2427 950 2492 docet
977 2425 1093 2492 1110100
1121 2425 1157 2492 10
1183 2423 1277 2510 ’Aa
1298 2425 1353 2511 10.

213 2528 275 2594 Sed
309 2530 364 2613 qui
387 2535 437 2596 001
464 2531 535 2614 1000
565 2530 619 2596 ille
649 2529 801 2610 διάλογος
829 2528 1086 2608 delitescente,
1114 2530 1152 2596 10
1179 2551 1245 2614 quo
1271 2529 1353 2596 haec
1477 2605 1478 2616 ,

213 2633 320 2698 omnia
340 2633 428 2698 sacta
454 2655 524 2700 esse
546 2634 722 2700 dicuntur?
766 2635 862 2716 Mihi,
886 2641 923 2701 01
944 2635 1043 2701 ctiam
1062 2635 1111 2715 01,
1145 2634 1201 2718 qui
1221 2634 1353 2705 titulum
1477 2633 1478 2692 l

211 2737 243 2802 in
266 2735 479 2820 Ephemerida
501 2737 753 2822 Arohaoologioa
775 2739 886 2820 edidit,
911 2739 981 2805 veri
1003 2738 1200 2805 simillimum
1221 2745 1282 2819 001,
1311 2739 1353 2806 de
1477 2701 1478 2794 ¹

211 2841 403 2908 Eleutheriis
415 2841 653 2909 Plataeensium
673 2843 918 2928 intelligendum
931 2863 1013 2925 0000,
1035 2844 1230 2927 praesertim
1252 2865 1351 2928 quum

210 2947 328 3010 mirum
355 2952 460 3028 osset,
495 2948 525 3012 01
552 2947 651 3014 iidem
678 2949 815 3032 ephebi,
848 2949 906 3033 'qui
928 2947 1142 3030 Salaminiae,
1175 2954 1209 3015 01
1241 2947 1350 3014 Mara·

210 3049 339 3114 thaniae
363 3069 545 3134 pugnarum
565 3053 755 3119 memoriam
773 3057 842 3118 tam
863 3054 916 3137 pie
934 3051 1101 3128 colebant,
1122 3053 1241 3118 tertiae
1262 3053 1349 3120 illius

208 3154 362 3222 victoriae
388 3153 429 3220 de
450 3153 557 3222 Persis
592 3161 779 3238 reportatae
807 3156 967 3223 rationem
1002 3154 1125 3221 nullam
1150 3155 1348 3222 habuissent

208 3258 279 3324 Vox
302 3255 454 3337 dretturer
483 3279 558 3326 vero
580 3258 659 3342 quid
682 3259 744 3326 sibi
766 3258 844 3326 velit
875 3259 994 3324 in'hac
1015 3280 1069 3340 re,
1091 3279 1157 3325 non
1177 3261 1350 3344 perspicio.

208 3363 343 3428 Praeter
369 3362 450 3430 haec
472 3364 586 3448 omnia
602 3369 712 3430 autem
744 3364 840 3449 plane
862 3371 978 3430 dorum
1008 3365 1146 3430 sesessit
1172 3369 1273 3449 genus
1296 3369 1347 3431 'sa-

209 3469 356 3530 crorum,
390 3448 506 3532 quibus
535 3451 747 3534 imperatores
776 3451 913 3521 Romani
942 3456 999 3518 001
1028 3449 1172 3518 homines
1205 3473 1278 3520 oum
1306 3452 1348 3518 iis

208 3553 317 3636 aliqua
338 3553 574 3620 necessitudine
597 3554 757 3622 coniuncti
779 3554 1037 3630 celebrabantur.
1083 3555 1154 3633 Quo
1173 3555 1207 3620 in
1228 3577 1347 3640 genere

206 3657 286 3726 haec
307 3663 383 3724 sunt
403 3679 540 3742 quorum
563 3658 692 3742 quidem
713 3659 868 3738 memoria
889 3659 924 3726 in
945 3659 1049 3740 titulis
1073 3666 1202 3730 servata
1224 3661 1281 3728 sit:

295 3764 322 3826 l.
368 3764 585 3846 Tappavtusm.
632 3761 731 3828 Cuius
761 3762 900 3830 heminis
930 3762 1105 3833 memoriae
1135 3764 1196 3833 hee
1227 3764 1347 3838 festum

206 3885 333 3930 sacrum
354 3863 469 3947 fuerit,
491 3866 560 3948 vix,
583 3889 681 3952 quum
702 3872 754 3934 tot
780 3867 991 3952 imperatores
1013 3868 1150 3940 Romani
1169 3889 1348 3953 cognomen

206 3969 387 4036 Germanioi
416 3971 590 4054 gesserint,
625 3971 795 4040 diiudicari
828 3977 946 4057 potest.
1000 3971 1182 4041 Boeckhius
1214 3973 1347 4056 quidem

204 4075 238 4137 in
265 4073 348 4138 (1.1.
372 4072 428 4140 Gr.
464 4073 505 4138 ad
539 4096 569 4139 n.
594 4079 657 4140 246
693 4076 726 4140 in
757 4075 944 4146 Caracallus
974 4076 1129 4146 honorem
1159 4078 1345 4150 institutum

204 4199 274 4244 osse
296 4178 364 4244 vult
385 4184 417 4244 et
439 4177 478 4244 de
500 4177 649 4260 Traiane,
674 4178 848 4248 Commodo
870 4179 920 4248 vel
943 4180 1124 4264 antiquiore
1146 4182 1345 4265 imperatore

202 4283 343 4366 cogitare
365 4287 462 4348 vetat.
513 4282 657 4350 Athaco
684 4285 844 4356 sententia
872 4304 955 4350 nuno
977 4305 1042 4350 non
1073 4284 1212 4368 amplius
1240 4289 1345 4354 teneri

202 4391 326 4469 potest,
361 4408 459 4471 quum
489 4387 603 4458 titulus
633 4387 724 4472 (Φιλ.
746 4390 776 4450 Γ
800 4409 831 4470 p.
858 4392 920 4454 350
943 4388 1027 4474 sqq.)
1056 4390 1202 4456 iuventus
1236 4391 1278 4456 sit
1306 4392 1343 4458 P.
