2984 5036
652 313 689 372 31

186 476 360 541 Praeterea
380 475 487 558 magni
510 481 657 559 sumptus
679 497 752 542 cum
774 477 879 544 officio
901 484 1061 544 cosmetae
1078 482 1239 548 coniuncti

93 589 203 662 erant,
226 601 321 665 quum
339 603 402 646 non
425 581 527 648 solum
550 582 592 647 ad
605 583 821 666 anathemata,
844 607 929 668 quae
941 585 1055 669 ephebi
1078 587 1239 668 dicabant,

94 688 255 768 pecuniae
283 692 408 770 partem
441 685 586 752 conferre
620 687 738 752 soleret
761 689 811 771 (2,
836 694 886 752 79.
917 694 952 768 5,
977 692 1031 774 37)
1055 691 1111 756 sed
1142 693 1239 757 etiam

96 790 198 856 inser.
225 796 240 855 1
264 814 292 857 v.
316 795 356 855 35
379 789 529 880 sacrificii
558 791 645 854 illius
675 792 826 871 initialis,
858 797 895 874 b,
919 797 959 856 27
993 793 1074 858 adeo
1101 797 1241 860 omnium

99 914 188 976 quae
219 915 279 978 per
317 894 472 977 ephebiae
507 899 633 977 tempus
662 894 784 961 fiebant
818 897 1047 964 sacrificiorum
1079 900 1241 981 impensas

98 997 172 1079 ipse
216 999 384 1064 sustulisse
413 998 556 1078 dicatur3
599 994 721 1063 accedit
758 1001 844 1084 quod
879 1007 893 1066 1
926 1023 954 1066 v.
979 1008 1018 1067 41
1061 1002 1241 1087 peribolum

96 1103 257 1185 gymnasii
301 1103 356 1185 qui
402 1100 585 1168 conciderat
626 1121 665 1166 ex
707 1123 767 1168 sua
797 1126 833 1169 re
877 1105 1027 1170 familiari
1068 1109 1240 1172 restituen-

97 1207 178 1271 dum
200 1211 303 1270 curat.

187 1331 299 1412 Neque
320 1329 460 1392 minores
481 1349 557 1392 vero
588 1330 777 1394 muneribus
801 1331 938 1395 honores
965 1331 1094 1397 suerunt
1125 1333 1241 1416 quibus

97 1441 244 1500 cosmeta
267 1432 480 1513 alliciebatur,
504 1453 601 1515 quum
624 1439 754 1515 praeter
776 1454 927 1499 coronam
949 1454 968 1498 a
990 1435 1108 1519 populo
1131 1435 1239 1499 datam

99 1539 201 1602 etiam
223 1536 265 1601 ab
288 1536 419 1620 ephebis
442 1537 603 1620 quotamis
617 1557 734 1602 corona
746 1558 846 1602 aurea
860 1544 1039 1619 ornaretur,
1063 1545 1095 1604 et
1110 1541 1242 1622 iusuper

99 1645 212 1706 statua
235 1662 360 1726 quoque
384 1640 415 1705 ei
436 1646 626 1724 poneretur,
649 1648 685 1708 ut
708 1644 853 1708 omittam
878 1663 916 1707 ea
939 1665 1021 1726 quae
1044 1643 1160 1728 singuli
1183 1665 1241 1708 sua

56 1835 69 1846 .
101 1749 217 1828 sponte
239 1746 384 1810 fecerunt
408 1745 449 1830 (u
473 1742 630 1831 prolegg.)

190 1867 324 1944 Quando
343 1866 407 1931 'hoo
430 1866 653 1948 gravissimum
675 1887 788 1930 munus
812 1866 993 1931 institutum
1018 1867 1077 1947 sit,
1104 1867 1151 1930 ita
1174 1867 1241 1948 qui·

101 1969 177 2034 dem
199 1969 324 2033 definiri
344 1974 460 2052 potest,
482 1974 520 2033 ut
542 1991 645 2052 neque
668 1969 809 2052 antiquis
832 1970 947 2036 Atticis
970 1974 1081 2033 notum
1103 1968 1242 2056 fuisse⁶)

101 2094 207 2156 neque
223 2094 308 2152 vero,
319 2077 356 2136 ut
366 2071 551 2136 Kreusiusl
565 2093 596 2162 p.
611 2076 674 2136 214
686 2071 764 2152 vult,
780 2073 1012 2154 imperatorum
1027 2073 1244 2138 Romanorum

101 2186 246 2260 tempore
268 2176 395 2240 demum
418 2177 575 2258 originem
596 2178 717 2258 cepisse
741 2177 897 2257 dicamus,
924 2177 955 2242 id
981 2179 1066 2261 quod
1088 2177 1163 2242 inde
1185 2197 1242 2259 ap-

102 2287 206 2363 paret,
230 2281 315 2363 quod
337 2282 371 2345 in
402 2281 464 2344 illis
488 2280 622 2346 alterius
643 2302 671 2345 a.
697 2280 770 2346 Chr.
795 2281 913 2345 saeculi
946 2281 1050 2346 titulis
1072 2303 1135 2346 non
1159 2301 1241 2344 com-

103 2388 302 2447 memoratur
324 2383 419 2447 modo
443 2389 593 2463 cosmeta,
619 2383 675 2447 sed
697 2385 762 2446 iam
775 2403 899 2448 summa
920 2385 1064 2466 potentia
1076 2383 1243 2468 praeditus

103 2490 163 2550 est.
207 2486 344 2550 Videtur
364 2487 464 2569 igitur
484 2486 581 2568 paulo
612 2491 685 2568 post
707 2487 883 2550 Alexandri
904 2492 1069 2570 tempora,
1100 2488 1156 2553 ubi
1177 2509 1242 2552 om-

102 2591 178 2654 nino
202 2588 398 2672 epheborum
419 2590 570 2654 instituta
593 2591 797 2664 vehementer
827 2591 1000 2656 immutata
1023 2597 1114 2672 sunt,
1145 2592 1243 2656 etiam

103 2696 154 2761 hic
177 2715 318 2759 summus
341 2693 526 2757 moderator
549 2693 594 2756 eis
617 2693 786 2776 impositus
810 2713 890 2758 esse.

143 2823 145 2829 ’
190 2817 270 2881 Tam
299 2814 508 2880 honorificum
545 2820 676 2897 tamque
712 2821 934 2897 sumptuosum
967 2835 1081 2878 munus
1108 2814 1173 2878 iam
1201 2814 1243 2878 ab

103 2921 195 3000 initio
218 2919 387 2984 ditioribus
411 2924 444 2982 et
466 2917 678 2982 nobilioribus
702 2917 822 2982 civibus
845 2915 993 2982 mandari
1021 2916 1150 2980 solitum
1173 2937 1243 2981 esse

104 3029 351 3106 consentaneum
372 3029 430 3086 est.
475 3021 577 3088 Multo
599 3023 702 3106 magis
724 3044 800 3088 vero
821 3023 915 3087 huius
938 3021 1079 3085 muneris
1104 3021 1244 3104 dignitas

105 3131 138 3191 et
164 3125 320 3210 splendor
341 3125 559 3188 Romanorum
588 3127 818 3208 imperatorum
852 3131 997 3208 tempore
1029 3129 1142 3188 auctus
1175 3145 1245 3188 esse

105 3232 244 3312 videtur,
267 3252 365 3314 quum
387 3229 605 3296 nobilissimus
635 3231 771 3315 quisque
794 3252 834 3295 ex
854 3230 977 3294 civibus
1000 3228 1034 3293 id
1057 3233 1244 3312 appeteret3
1299 3276 1301 3294 .

106 3337 140 3400 id
162 3336 246 3419 quod
275 3334 422 3417 inprimis
450 3335 524 3398 inde
547 3341 704 3418 apparet,
737 3335 823 3417 quod
845 3335 944 3399 iidem
970 3333 1130 3407 homines,
1147 3353 1245 3415 ·quos
1344 3359 1346 3364 ·

107 3439 275 3504 archontes
297 3434 511 3522 etstrategos,
534 3461 673 3504 summos
697 3460 734 3505 eo
757 3445 902 3522 tempore
914 3439 1132 3521 magistratus,
1147 3437 1246 3501 fuisse

108 3543 239 3622 scimus,
263 3542 357 3606 etiam
382 3548 540 3607 cosmetae
562 3563 694 3606 munere
724 3541 825 3607 suncti
847 3546 936 3622 sunt;
961 3540 1058 3605 veluti
1084 3538 1118 3604 0.
1144 3538 1245 3604 Iulius

108 3647 281 3712 Cassianus
301 3645 486 3728 Apollonius
509 3643 673 3710 Stiriensis
698 3645 818 3710 archon
840 3664 1015 3727 eponymus
1038 3648 1088 3706 est
1106 3640 1140 3706 0.
1153 3641 1178 3705 Ι.
1189 3639 1245 3706 Gr.

109 3737 181 3814 nm
192 3750 231 3830 A,
254 3753 394 3814 cosmeta
415 3748 535 3814 ibidem
552 3770 583 3812 n.
607 3753 669 3812 272
692 3749 728 3828 B,
747 3749 791 3812 M.
814 3747 963 3814 Aurelius
985 3745 1173 3811 Alcamenes
1196 3744 1251 3810 ar?

109 3853 188 3921 chon
215 3874 390 3938 eponymus
413 3852 448 3917 O.
471 3853 497 3917 Ι.
520 3853 576 3916 Gr.
602 3857 674 3917 283.
695 3851 765 3936 Ἐφ.
787 3855 862 3934 οἰρχ.
888 3856 971 3916 2601
1006 3852 1171 3934 σιρατηγὸς
1193 3850 1247 3914 ἐπὶ

109 3959 145 4021 mi
167 3957 254 4023 ὅπλα
276 3957 312 4023 G.
333 3958 358 4022 Ι.
383 3957 439 4023 Gr.
464 3960 537 4038 353,
562 3963 704 4022 cosmeta
723 3957 767 4021 ib.
786 3961 859 4038 284,
882 3957 918 4020 Ρ.
941 3955 1051 4020 Aelius
1062 3954 1247 4020 Alcidamus

160 4235 188 4304 6)
204 4235 275 4290 Nam
291 4237 361 4292 Plat.
378 4238 453 4307 legg.
473 4237 525 4307 VI,
545 4239 634 4292 772Α
652 4253 739 4306 neque
757 4237 792 4290 de
810 4237 863 4290 hoc
883 4250 970 4302 neque
989 4231 1152 4287 omninode
1172 4236 1247 4284 certo

112 4325 226 4392 quodam
244 4343 355 4381 munere
372 4342 469 4381 vocem
486 4325 618 4396 κοσμητὰς
635 4326 849 4395 intellegendam
869 4341 927 4376 esse
944 4325 1031 4391 petet.
