2984 5036
650 311 690 372 41

93 483 228 559 retent,
251 479 398 563 inprimis
419 479 507 564 ipsos
528 479 585 564 qui
607 481 763 546 certaturi
784 485 892 548 esseut
914 479 981 546 suis
1000 477 1154 561 impensis
1171 497 1244 544 999-

95 579 255 647 ducerent
275 581 397 650 olerent
419 588 613 650 exercerent.
657 581 823 661 Quaenam
853 603 892 650 ee
920 581 1098 650 certamine
1125 580 1245 648 fuerint

94 683 277 750 Boeclrhius
300 685 431 770 quidem
451 707 517 752 non
540 707 674 769 prorsus
688 685 859 767 definivit‚·
879 685 938 752 sed
958 684 1037 750 mihi
1057 684 1125 750 veri
1147 682 1244 750 simil·

95 787 177 854 lime
198 789 326 856 videtur
354 789 468 856 Hsesii
499 791 660 858 sententie
691 790 789 876 (Aug.
819 789 952 876 Encykl.
981 787 1104 854 Aru'kel
1132 786 1244 856 Pelser

98 891 185 958 striis
207 914 238 976 p.
264 895 342 978 389)
366 895 422 977 qui
443 893 486 960 ed
508 894 593 962 soles
624 893 793 978 lempudes
824 894 885 960 hoc
914 914 1029 960 munus
1058 891 1174 974 refert,
1195 890 1244 956 its

98 999 138 1060 ut
155 993 392 1078 lopuodupgta
414 1003 447 1064 et
463 1000 699 1081 γυμνασιαρχία
727 997 809 1062 nihil
836 997 900 1063 uisi
926 995 1070 1062 eiusdem
1099 995 1148 1061 rei
1180 993 1244 1058 duo

97 1098 257 1164 voeabula
278 1100 354 1166 sint.
398 1099 441 1167 Hi
461 1101 714 1186 99999991999111,
737 1106 775 1172 ,91
796 1121 907 1167 omnes
927 1100 1053 1183 liturgi,
1075 1096 1243 1181 esingulis

100 1201 251 1269 tribubus
274 1202 447 1288 eliguntur.
492 1203 695 1274 simillimum
716 1207 815 1290 igitur
836 1205 898 1272 hoc
924 1225 1040 1272 munus
1062 1185 1112 1268 eit
1134 1202 1243 1269 chore·

99 1305 189 1390 gine,
224 1326 363 1390 qimcum
385 1307 483 1373 etium
504 1327 602 1390 saepe
623 1309 724 1394 (velut
745 1296 836 1374 Dem.
859 1312 890 1388 4,
909 1311 960 1374 36.
984 1311 1036 1387 20,
1057 1305 1132 1391 125)
1153 1326 1243 1374 oom-

98 1409 241 1492 ponitur.
285 1409 357 1474 Huc
376 1411 478 1496 igitur
498 1413 663 1494 pertinent
683 1434 794 1479 omnes
824 1412 931 1493 tituli,
965 1411 1083 1494 quibus
1113 1430 1242 1495 gymne-

99 1512 241 1580 siarchie
261 1514 304 1580 ed
325 1515 465 1601 aliquem
485 1515 603 1582 festum
616 1517 710 1584 diem
738 1516 897 1600 refertur,
929 1535 1040 1582 omnes
1070 1512 1244 1600 inquibus

100 1638 175 1682 cnm
194 1615 343 1702 lempede
374 1619 594 1704 coniungitur,
628 1619 678 1688 vel
707 1619 764 1689 ubi
788 1621 874 1691 inter
902 1619 1181 1704 gymnesisrohum
1211 1623 1244 1682 et

100 1720 221 1791 tm'bum
238 1720 384 1806 sliqnem
405 1723 490 1790 ratio
513 1721 672 1807 quaedem
697 1723 888 1803 intercedit,
916 1728 954 1789 91
983 1721 1138 1806 Rnngebi
1169 1725 1242 1794 998.

102 1828 177 1890 999.
195 1822 265 1909 ’sp
286 1823 358 1909 ἀρχ.
381 1830 476 1892 9999.
501 1831 596 1894 9949.
618 1827 652 1894 9.
675 1828 700 1893 1.
725 1827 780 1894 ur.
804 1831 878 1892 252.
902 1830 977 1891 253.
1001 1823 1242 1906 erumpimus

100 1947 193 2004 vero,
212 1926 246 1995 19
273 1927 335 1994 hoc
364 1950 480 2014 genere
511 1930 728 1998 memorabilis
755 1937 805 2000 est
836 1929 947 1996 titulus
976 1927 1010 1994 G.
1033 1928 1058 1991 Ι.
1082 1925 1138 1992 Gr.
1163 1930 1242 2003 251:

94 2029 193 2121 Ἑρμῇ
214 2032 374 2117 ἐναγωνίῳ
397 2030 636 2119 Au'woilsvidpg
664 2032 908 2100 Αὐτοσθενίδαυ
943 2031 1133 2112 Ξυπεταρῶν
1165 2028 1243 2106 afui-

100 2136 202 2219 θηκεν
231 2137 510 2222 γυμνασιαρχήσας
542 2138 714 2222 Κικροπίδι
750 2136 836 2228 φυλῇ
873 2137 918 2214 εἰς
952 2132 1176 2217 Παναθήναια
1203 2133 1242 2195 nol

100 2236 228 2320 μεγάλα
250 2239 524 2332 exposuerimus
559 2241 657 2309 αὐτὸν
689 2246 751 2306 suiv
779 2241 930 2326 ,99199919
964 2237 1242 2322 introeuntem

101 2341 263 2426 ἄρχοντος.
306 2343 465 2422 Quamdiu
486 2345 566 2412 haec
582 2348 669 2414 vocis
691 2347 927 2430 γυμνασιαρχία
947 2341 1138 2434 signifipetio
1151 2363 1240 2430 men·

100 2447 201 2528 serit,
233 2447 421 2530 ncometius
443 2449 573 2532 quidem
606 2449 733 2519 definiri
763 2471 829 2516 non
859 2449 980 2534 911991,
1002 2445 1046 2517 ,id
1077 2466 1153 2512 vero
1181 2467 1241 2529 pro

101 2557 190 2620 certo
212 2552 381 2620 dicendum
400 2557 469 2632 est,
491 2574 590 2636 quum
612 2555 678 2620 iem
699 2574 739 2620 ea
768 2575 828 2622 vox
856 2553 891 2622 in
920 2549 1112 2638 sententium
1145 2547 1241 2638 plume

101 2655 200 2720 elium
223 2656 358 2722 obiisset
380 2655 476 2720 etism
498 2656 582 2722 henc
602 2658 766 2742 liturgiam
788 2656 928 2741 emplius
961 2655 1008 2719 ite
1030 2653 1149 2719 dictem
1171 2674 1242 2720 9999

99 2779 233 2842 prorsus
263 2758 449 2825 incredibile
479 2781 550 2826 esse
570 2761 608 2848 ³).
663 2759 829 2839 Quomodo
863 2760 948 2825 enim
984 2777 1127 2840 unquam
1157 2757 1242 2824 duee

99 2860 336 2927 diversissimae
357 2884 409 2928 res
430 2863 542 2928 eodem
564 2865 661 2932 verbo
683 2864 771 2930 nulle
802 2863 914 2929 addite
941 2860 1134 2926 discriminis
1163 2867 1242 2928 noto

101 2963 274 3048 significari
296 2968 497 3048 potuerunt?
532 2967 640 3051 Ipsem
663 2989 738 3034 vero
760 2966 923 3052 liturgiam
947 2965 1045 3032 etiam
1062 2965 1241 3048 posteriore

101 3079 247 3152 tempore
268 3071 426 3138 mensisse
459 3093 576 3140 nomen
606 3070 840 3156 hpucdapglu
871 3067 963 3155 ((111.
991 3076 1025 3134 A
1051 3092 1083 3154 p.
1116 3075 1188 3148 328.
1216 3073 1246 3132 Γ

99 3195 132 3258 9.
159 3174 234 3259 154)
257 3195 320 3258 quo
342 3180 412 3240 tum
434 3176 502 3242 solo
522 3175 704 3259 significatu
725 3191 796 3240 esse
816 3173 958 3255 videtur,
981 3175 1110 3240 indicet.
1145 3207 1150 3224 ι
1211 3231 1214 3238 .

187 3284 216 3345 1.
268 3279 412 3346 Transeo
443 3279 485 3346 nd
519 3280 658 3346 alterum
690 3278 965 3364 gymnasiarchise
1004 3299 1120 3364 genus,
1152 3280 1239 3363 quod

101 3382 203 3464 magis
236 3381 279 3446 ed
307 3403 412 3448 meum
425 3403 428 3410 ’
443 3383 611 3452 consilium
644 3383 798 3466 pertinet.
848 3380 977 3446 Scilicet
1007 3384 1239 3467 imperatorum

100 3485 317 3550 Romanorum
338 3491 483 3570 tempore
505 3485 631 3552 demum
646 3487 674 3574 4)
697 3485 902 3551 inveniuntur
923 3482 1090 3553 duodecim
1103 3493 1160 3552 991
1175 3491 1240 3554 tre·

171 3709 200 3777 3)
217 3705 331 3762 01991999
358 3708 466 3764 videtur
493 3709 556 3766 huic
578 3712 845 3770 sententiueititulus
864 3711 937 3782 epud
954 3709 1080 3764 Roscium
1098 3707 1133 3764 de
1151 3709 1237 3766 demis

101 3801 190 3870 9.,29,
206 3801 271 3868 9991
287 3797 420 3852 Hadriani
436 3799 619 3868 principatum
633 3802 807 3870 compositus.
842 3800 954 3874 ssuibi
971 3802 1038 3869 puto
1055 3813 1106 3868 pro
1123 3796 1239 3869 yolum

100 3889 246 3958 ααρχῆσας
269 3880 343 3961 [cdlv
363 3883 553 3956 Ἆνθεσιηρὸαν
580 3887 753 3944 scribendum
783 3907 843 3948 esse
869 3910 896 3960 y.
923 3887 989 3960 [ιὸ]ν
1009 3886 1240 3956 witmundum,

101 3975 259 4046 praesertim
277 3993 360 4045 quum
377 3976 461 4030 etium
478 3975 583 4044 lempna
601 3975 649 4030 illc
665 3977 899 4034 Anthesteriornm
921 3977 989 4034 91111
1010 3991 1239 4047 nunquemoom·
1271 4005 1278 4016 .
1302 4043 1304 4048 ι

100 4069 272 4120 memoretur.
312 4065 365 4121 Est
387 4064 473 4135 igitur
497 4063 617 4134 ephebus
641 4066 688 4134 qni
716 4066 783 4122 vicit
807 4068 948 4138 lampade,
975 4065 1074 4135 quique
1097 4064 1192 4133 simul,
1210 4069 1241 4116 ut

99 4159 158 4210 tum
175 4153 233 4209 fieri
251 4154 370 4224 solsbet,
392 4153 615 4224 gymnmisrohus
631 4153 727 4210 fueret.
770 4167 774 4174 ·

170 4244 199 4312 4)
216 4243 335 4298 Institnti
352 4261 412 4300 esse
428 4244 553 4299 videntur
572 4243 652 4314 poulo
663 4249 742 4300 9919.
775 4245 823 4304 'dt
844 4245 891 4314 991
907 4263 941 4300 ex
958 4244 1115 4300 testimonio
1131 4243 1240 4300 Aeschi-

100 4332 243 4401 919111.
266 4332 430 4388 91Ρ1919919
453 4332 566 4390 Anioch.
590 4334 683 4394 36611
707 4335 897 4396 ¹demonstrem
920 4335 1078 4403 voluerunt4
1106 4333 1239 4388 1999991-

101 4421 223 4493 publices
239 4421 341 4476 liberee
358 4425 480 4491 tempore
498 4421 550 4476 hoc
568 4423 797 4492 gymnssisrohiue
812 4439 896 4493 99999
910 4422 1038 4498 numeni
1056 4423 1241 4492 neglexerunt,
