2984 5036
689 308 727 368 71

130 499 202 542 rum
238 479 393 559 προαγών
424 473 553 561 (Aesoh.
580 473 645 556 ΠΙ,
682 481 734 541 67.
778 475 944 541 Hermann
976 475 997 540 l.
1028 476 1050 540 l.
1085 479 1121 556 §i
1140 481 1198 555 59,
1232 478 1274 555 4).

132 580 256 658 Quibus
272 581 308 646 in
327 601 393 646 nno
412 578 510 644 titulo
533 579 690 646 accedunt
707 579 771 646 dno
793 578 859 644 alia
879 579 973 660 feste,
996 599 1080 663 qnae
1102 579 1144 645 ad
1158 578 1276 644 Bacchi

131 685 253 752 cultum
274 685 475 769 pertineant·
495 679 582 764 ’Aet-
604 682 658 766 ἐφ.
681 707 751 768 περ.
774 689 805 748 Β
824 682 881 769 ἀρ.
910 687 981 764 199,
1005 706 1126 768 quuum
1148 685 1276 766 legatur

131 813 160 856 v.
185 795 226 856 58
256 789 436 854 ἐπετέλεσεν
462 787 517 852 τὸν
538 785 651 866 α’γῶνα
673 793 737 852 τῶν
758 790 958 874 Ληναίοον
987 793 1020 851 et
1052 809 1081 852 v.
1105 791 1146 850 68
1168 787 1276 850 ἐπετέ-

131 891 229 958 λεσαν
259 893 332 968 τούς
360 891 558 976 Κύθροος
592 893 627 977 (i.
651 913 679 958 e.
701 892 864 977 Χύτρους,
897 891 1002 958 forma
1023 889 1153 972 Ionica,
1193 911 1275 974 quae

131 1001 215 1066 mira
236 999 362 1066 videtur
389 998 423 1062 in
443 995 540 1063 titulo
564 997 697 1082 Attico).
741 996 809 1062 Iam
835 997 1074 1062 donceres
1097 994 1186 1074 (Φιλ.
1208 995 1230 1060 l.
1252 996 1273 1059 l.

133 1105 217 1170 0.1.
241 1103 298 1170 (ir.
323 1106 397 1168 245.
422 1105 496 1166 283.
521 1103 583 1166 285
607 1100 664 1186 al.)
698 1121 891 1184 magnopere
921 1100 1055 1166 dubium
1077 1106 1144 1181 est,
1166 1106 1276 1165 utrum

132 1210 267 1293 antique
298 1209 365 1274 sint
393 1227 438 1272 arr
457 1206 635 1272 recentiore
666 1210 811 1288 tempore
840 1204 1001 1270 instituta.
1045 1205 1182 1270 Praeter
1202 1204 1275 1270 illos

131 1312 400 1398 agonothetamm
411 1308 575 1393 catalogos
598 1310 697 1376 etiam
718 1310 753 1373 in
773 1308 870 1374 titulo
895 1307 1112 1393 apRangabe
1134 1330 1165 1372 n.
1183 1311 1275 1388 1245,

132 1418 189 1484 uhi
218 1416 373 1499 ἱεροποιοὶ
403 1415 498 1480 huius
527 1414 603 1480 festi
633 1415 860 1492 recensentur,
894 1417 928 1477 et
958 1412 1045 1497 apud
1075 1412 1277 1478 Athenaeum

132 1521 225 1601 XIII,
259 1525 296 1584 12
318 1518 485 1584 Athenaeo
515 1521 818 1583 commemorantur.
863 1515 913 1580 Ex
940 1537 1004 1599 quc
1025 1517 1183 1583 Athenaei
1204 1518 1276 1583 loco

133 1631 280 1709 apparet,
304 1645 345 1693 ex
365 1622 512 1688 omnibus
534 1621 779 1686 Atheniensium
807 1619 898 1686 festis
921 1619 1002 1686 haec
1023 1620 1196 1687 Athenaea'
1212 1623 1277 1704 pri·

132 1752 219 1796 mum
242 1729 410 1812 dignitatis
429 1725 566 1810 gradmn
586 1727 738 1806 tenuisse,
761 1746 899 1808 quocum
918 1724 1000 1792 bene
1022 1727 1169 1792 convenit
1191 1725 1275 1809 qnod

132 1855 233 1918 supra
252 1831 389 1898 vidimus
422 1847 518 1912 saepe
551 1833 724 1894 cosmetem
754 1830 861 1912 ipsum
882 1827 977 1894 huius
1007 1830 1083 1896 festi
1105 1829 1277 1914 agonothe-

135 1940 215 2003 siem
247 1937 420 2019 suscipere.
472 1933 580 2012 Quare
610 1954 710 2017 quum
742 1933 922 1999 Boeckhius
956 1934 1007 2020 (0.
1028 1935 1053 1998 Ι.
1085 1933 1142 2000 Gr.
1173 1933 1217 1998 ad
1245 1955 1276 1998 n.

135 2044 213 2126 245)
237 2039 386 2108 dubitare
416 2059 453 2108 se
473 2038 608 2119 dixerit,
640 2043 752 2104 utrum
772 2037 854 2104 haec
877 2038 1044 2104 Athenaeo
1073 2038 1164 2119 „sint
1194 2056 1277 2120 quae
1326 2097 1333 2109 ,

135 2145 211 2211 olim
237 2143 485 2223 Panathenaea,
518 2163 562 2208 an
583 2140 750 2222 Xolarroe,
787 2162 872 2226 qnae
899 2141 999 2208 Snida
1029 2147 1160 2208 sumere
1191 2141 1279 2207 dicta

130 2249 295 2333 Ἀθήναια
317 2253 351 2313 et
372 2247 449 2312 olim
471 2247 602 2312 fuerunt
624 2245 794 2332 δομοιελὴς
814 2248 915 2334 ἑορτὴ,
942 2247 1058 2314 deinde
1079 2252 1208 2312 tantum
1232 2245 1279 2311 f·
1301 2275 1304 2280 ¹

134 2353 267 2419 brorum
294 2389 340 2400 --
366 2374 424 2434 -;
453 2350 512 2418 sed
540 2355 716 2436 potuerunt
747 2356 863 2434 postea
895 2349 1093 2436 splendidius
1125 2351 1279 2415 restituta

135 2461 247 2538 esse,“
276 2454 355 2520 mihi
384 2454 440 2520 ille
472 2455 633 2522 sententie
668 2454 770 2520 multo
805 2455 1009 2521 verisimilior
1037 2476 1109 2521 esse
1140 2455 1277 2520 videtur.

135 2562 326 2645 Quanquam
347 2561 464 2626 mirum
486 2563 546 2640 est,
568 2579 668 2643 quum
690 2560 724 2624 in
745 2559 809 2626 illis
832 2558 1100 2642 agonothetarum
1122 2557 1278 2642 catalogis

135 2686 262 2751 semper
284 2665 471 2749 simpliciter
488 2663 652 2749 Ἀθήναια
675 2665 833 2745 dicentur,
855 2665 1020 2729 tamenin
1042 2662 1114 2728 aliis
1136 2662 1279 2727 eiusdem

135 2769 290 2855 temporis
319 2768 423 2836 titulis
455 2769 562 2834 ctiam
577 2769 806 2855 Παναθήναια
833 2767 1076 2834 commemorari
1098 2766 1149 2852 (G.
1171 2766 1197 2830 I.
1221 2765 1277 2830 Gr.

137 2879 210 2941 380.
246 2878 319 2938 381.
346 2877 440 2938 1068.
466 2870 538 2957 'Em
565 2871 638 2959 ὀρχ.
662 2875 761 2960 2323)
792 2875 840 2939 ita
877 2880 915 2940 ut
942 2894 1001 2958 ego
1033 2871 1207 2954 aliquando
1237 2870 1278 2935 de

135 3000 218 3046 noso
247 2977 378 3043 omnino
408 2975 493 3042 sesto
525 2981 558 3042 et
590 2977 867 3044 aPanathenueis
901 2977 1027 3043 diverso
1059 2975 1277 3060 cogitaverim.

136 3082 228 3149 Nunc
261 3101 339 3147 vero
369 3079 573 3146 verisimilius
596 3081 676 3147 mihi
706 3087 757 3148 cst
778 3103 847 3148 rem
874 3083 922 3148 ita
943 3081 1175 3165 expediendam
1198 3101 1279 3159 esse,

135 3192 174 3252 ut
194 3189 295 3271 qun'm
317 3183 492 3269 aliquando
520 3184 649 3268 publice
670 3185 907 3253 Panathenaeis
937 3207 1053 3254 nomen
1079 3209 1172 3254 suum
1195 3188 1278 3274 anti-

136 3291 326 3376 qnissimnm
356 3289 506 3373 (Pausan.
529 3289 624 3371 VIII,
648 3295 686 3371 2,
713 3292 744 3375 1)
775 3289 938 3356 redditum
960 3275 1064 3372 esset,
1088 3297 1213 3371 tamen,
1243 3297 1280 3356 ut

136 3393 208 3460 fieri
229 3394 313 3459 solet
340 3393 375 3456 in
397 3392 554 3458 eiusmodi
582 3393 700 3475 rebus,
737 3396 876 3462 alterum
911 3395 993 3474 illud
1027 3397 1062 3461 in
1091 3395 1280 3480 quotidiano

48 3555 60 3569 .
138 3518 284 3565 sermone
304 3517 432 3580 semper
449 3498 615 3563 manserit.
652 3496 918 3585 ’Λμφιεροὶωο
938 3501 1136 3585 agonotheta
1149 3502 1183 3564 in
1201 3500 1279 3566 dno-

137 3603 199 3668 bus
218 3599 323 3666 titulis
346 3607 396 3666 est
419 3599 511 3682 (or.
534 3605 569 3664 A
588 3623 620 3685 p.
646 3605 719 3666 519.
747 3604 778 3664 Γ
795 3625 827 3686 p.
852 3607 930 3686 555;
951 3604 1027 3670 festi
1048 3624 1164 3668 nornen
1186 3624 1279 3687 prae·

136 3714 228 3774 terea
257 3705 356 3770 etiam
384 3705 446 3770 luit
470 3705 543 3770 ce.
566 3710 601 3769 A
620 3727 652 3790 p.
676 3711 737 3771 517
760 3729 791 3772 n.
816 3713 853 3788 3,
885 3709 942 3774 nbi
964 3729 1049 3774 nunc
1068 3707 1184 3773 literae
1202 3707 1281 3792 ’Λμ-

137 3831 211 3897 φιερ
234 3854 244 3874 .
267 3855 276 3873 .
300 3810 493 3896 supersunt).
540 3809 610 3888 Quo
632 3811 668 3875 in
688 3811 844 3877 vocabulo
866 3833 1062 3896 quamquam
1085 3812 1281 3897 singularem

137 3915 298 3983 scribendi
320 3915 479 3980 rationem
502 3914 675 3999 sculptoris
698 3915 910 4000 negligentiae
938 3917 1099 4000 imputare
1120 3919 1219 3982 trium
1241 3918 1280 3982 ti·
1304 3987 1311 3998 Ι

138 4021 279 4088 tulorum
312 4040 486 4086 consensus
518 4024 627 4099 vetat,
661 4023 770 4086 tamen
801 4021 871 4086 iure
894 4019 1113 4088 Cumanudem
1145 4043 1215 4086 eam
1242 4043 1282 4086 ex

135 4125 362 4208 ‘Apotopclmr
383 4125 593 4207 depravatum
624 4123 742 4190 dixisse
765 4130 860 4207 puto,
893 4145 975 4208 quae
1003 4125 1158 4190 solemnia
1181 4124 1282 4206 Oropi

139 4227 302 4293 celebrata
332 4225 413 4312 (Ἐφ.
436 4227 510 4308 dcx.
531 4247 563 4290 n.
588 4229 686 4310 2558)
717 4229 811 4294 facile
839 4235 976 4311 possunt
999 4229 1040 4293 ab
1064 4229 1196 4311 ephebis
1218 4227 1281 4293 frc-

138 4336 296 4416 quenteta
327 4349 416 4408 esse,
451 4333 528 4412 quis
559 4349 617 4412 per
637 4330 698 4418 hoc
721 4337 825 4398 totum
847 4333 887 4397 de
910 4355 973 4415 quo
997 4333 1121 4415 agimus
1154 4339 1288 4416 tempus

139 4436 267 4518 Oropus
290 4433 532 4498 Atheniensium
555 4433 625 4498 luit.
672 4436 815 4520 (Ahrens
837 4436 858 4500 l.
883 4435 903 4499 l.
928 4457 959 4520 p.
985 4435 1050 4524 60).
