2984 5036
811 273 852 339 58

262 439 364 506 Simul
385 442 419 508 in
439 439 478 511 iis
492 444 664 512 itineribus
685 444 784 510 etiam
805 443 942 511 sscruin
964 440 1107 508 delubris
1128 461 1187 525 per
1199 441 1280 508 fines
1294 449 1409 509 terrae

262 543 350 610 reeta
370 567 441 613 esse
461 549 601 616 refertur
621 549 771 630 insu-2,
796 551 847 614 25.
872 549 924 610 67.

350 648 413 716 Sed
441 652 651 734 illucente,
684 653 724 720 de
750 674 816 736 quo
841 649 893 716 hie
914 649 1055 732 egimus,
1089 669 1154 714 non
1184 651 1300 715 stetim
1329 657 1409 733 post

263 749 417 832 ephebiae
438 773 557 820 aunum
576 755 703 822 finitum
724 755 872 822 militium
893 757 987 818 extra
1013 757 1122 818 terres
1142 753 1223 818 fines
1246 753 1407 837 coepisse,

263 852 321 918 sod
343 858 510 923 etiamtum
531 858 637 924 officia
665 858 823 944 quaedam
844 856 999 922 militarie
1027 855 1244 940 peripolorum
1275 859 1408 921 muneri

263 957 343 1022 sctis
365 959 483 1027 similia
505 961 638 1028 durasse
665 962 787 1030 indicet
808 962 898 1028 locus
919 959 1058 1041 Teletis,
1089 979 1184 1044 quem
1206 961 1272 1024 iam
1297 959 1407 1039 utbrli,

264 1079 315 1142 ap.
339 1059 429 1127 Stob.
452 1063 522 1130 flor.
547 1071 598 1148 98,
625 1070 680 1131 72:
710 1065 898 1152 ἐξέφήβιιν
919 1062 1006 1128 dcciv
1026 1067 1081 1126 sci
1101 1058 1282 1150 ip'dqsimr
1298 1063 1407 1127 ‚dudw

263 1163 308 1226 ἔα
329 1167 476 1249 poderim
502 1173 557 1231 καὶ
582 1179 761 1256 παραιηριτ
779 1174 833 1232 καὶ
864 1171 1035 1253 ταξίαρχον
1065 1170 1161 1253 (corr.
1184 1167 1407 1246 Valckencer3

263 1267 339 1334 libri
359 1273 609 1358 γυμνασίαρχον)
631 1277 685 1336 καὶ
697 1273 881 1358 στραιηγόν·
904 1283 1112 1357 παραιοιοοτν
1133 1269 1216 1334 ὅπου
1238 1269 1300 1345 δεῖ,
1318 1263 1405 1334 οὗτοι

263 1379 507 1453 παραιοιοοῦσι·
539 1375 709 1460 celerem
745 1381 799 1440 καὶ
827 1380 1021 1461 αγρυπνετν,
1051 1372 1139 1440 οὗτοι
1167 1369 1404 1459 φυλάττουσιν·

263 1476 309 1550 εἰς
329 1478 369 1539 rol
389 1477 490 1542 utura
505 1477 683 1562 1ἐμβαίνειν,
707 1477 1002 1562 οὖοοιέμβαίνυυσι.
1036 1479 1095 1544 His
1109 1479 1237 1544 domum
1257 1479 1403 1544 subiicit:

264 1575 346 1664 ἀνὴρ
368 1583 478 1660 γέγονε
499 1588 553 1646 καὶ
575 1576 718 1666 dapsiles,
742 1581 940 1668 mouerimus
961 1582 1026 1647 κτλ.

350 1687 379 1749 2.
423 1684 492 1750 lum
513 1707 612 1771 supra
633 1687 725 1772 tetigi
747 1707 819 1754 eum
841 1707 973 1768 morem,
996 1707 1036 1752 ex
1058 1705 1124 1769 quo
1145 1683 1262 1768 ephebi
1285 1687 1402 1750 armati

263 1792 296 1851 et
318 1787 427 1870 palliis
454 1789 690 1874 nigris'uestiti
722 1791 999 1857 circumsedebant
1028 1789 1176 1869 comitio,
1198 1789 1255 1872 qui
1278 1809 1350 1854 mos
1369 1795 1402 1854 et

262 1891 296 1955 in
317 1891 421 1958 titulis
444 1894 489 1978 (1,
511 1899 562 1958 22.
587 1900 623 1976 2,
648 1900 698 1960 20.
723 1900 774 1960 76.
799 1899 835 1976 3,
861 1898 911 1959 35.
935 1899 971 1974 4,
995 1898 1037 1958 20
1053 1893 1100 1978 ¹))
1128 1898 1160 1959 et
1185 1893 1273 1976 opud
1295 1893 1401 1958 Philo

263 2001 401 2061 stratum
422 1999 507 2062 vitae
529 1998 618 2082 soph.
642 1999 683 2082 11,
708 2004 736 2080 1,
761 2004 778 2064 5
802 2002 1080 2080 commemoretur.

347 2100 453 2178 Minus
474 2102 644 2185 perspicua
676 2107 752 2169 sunt
774 2122 864 2186 ¹quoe
886 2102 926 2166 de
958 2101 1022 2166 clio
1044 2120 1133 2188 more
1159 2101 1322 2167 dicuntur.
1367 2102 1400 2165 In

262 2205 409 2270 omnibus
432 2206 516 2270 enim
538 2205 713 2289 plebiscitis
741 2207 896 2289 scriptum
926 2210 976 2270 est
997 2203 1183 2290 ἀπήντησαν
1204 2203 1241 2266 δὲ
1263 2208 1319 2268 καὶ
1341 2215 1401 2279 τοῖς

262 2305 369 2393 φίλοις
389 2313 443 2374 καὶ
465 2308 642 2392 συμμάχοις
669 2312 725 2373 τοῦ
747 2309 850 2394 δήμου
865 2307 1033 2391 Ῥωμαίοις
1065 2308 1116 2373 vel
1136 2307 1241 2374 simile
1262 2309 1400 2392 aliquid3

262 2433 363 2496 quae,
394 2413 540 2497 inprimis
573 2412 699 2480 collatis
733 2433 816 2500 quae
839 2417 857 2476 2
884 2433 913 2478 v.
939 2416 978 2475 75
1008 2411 1049 2476 dc
1079 2415 1221 2477 cosmeta
1253 2411 1402 2478 dicuntur

263 2561 272 2580 .
295 2563 304 2580 .
327 2563 336 2580 .
358 2516 720 2603 σ]υμμᾶχοιςῬωμαίοις
740 2516 911 2602 ἐποιήσατο
932 2516 988 2590 τοὶς
1010 2511 1213 2600 ἀπαντήσεις,
1237 2515 1336 2582 aliter
1357 2519 1400 2582 ins

261 2620 362 2703 telligi
383 2627 556 2703 nequeunt,
579 2635 676 2705 quum
697 2627 735 2686 ut
757 2640 811 2686 eos
840 2620 1012 2702 quotannis
1040 2620 1199 2686 instructo
1220 2623 1349 2706 agmine
1370 2628 1400 2688 et

263 2724 342 2790 duce
364 2729 505 2790 cosmeta
526 2725 679 2792 Romanis
702 2722 894 2809 quibusdam
917 2722 1045 2788 obvium
1065 2725 1263 2807 processisse
1284 2747 1399 2811 eosque

264 2828 423 2894 salutasse
452 2829 604 2896 dicemus.
650 2827 713 2894 Sed
744 2827 799 2911 qui
830 2827 961 2892 suerunt
990 2826 1037 2892 illi
1068 2821 1228 2894 Romani?
1276 2829 1399 2897 Poterit

264 2933 381 3016 aliquis
410 2933 552 3016 cogitare
583 2933 624 2998 de
642 2931 810 2998 iuvenibus
832 2917 897 2996 illis
929 2931 985 3014 qui
1007 2931 1151 3000 Athenas
1171 2933 1345 3000 veniebant
1366 2942 1399 3000 ut

260 3037 296 3101 in
317 3035 514 3119 epheborum
536 3057 704 3102 numerum
724 3035 955 3117 reciperentur.
1007 3034 1070 3101 Sed
1090 3037 1153 3100 hoe
1177 3041 1333 3120 proptera
1353 3040 1399 3102 in·

261 3140 373 3224 primis·
402 3139 481 3204 mihi
515 3139 723 3206 statuendum
748 3158 813 3203 non
843 3137 987 3219 videtur,
1021 3140 1098 3222 quia
1127 3141 1161 3206 in
1189 3143 1247 3208 ills
1274 3165 1313 3209 re
1337 3167 1399 3210 non

262 3244 353 3329 φίλοι
375 3249 408 3309 et
431 3243 590 3326 σύμμαχοι
620 3242 736 3323 m0d0‚-
768 3242 825 3307 sed
856 3244 954 3310 etium
983 3243 1140 3328 sorerem
1166 3245 1318 3312 dicuutur
1337 3247 1398 3313 Ro·

261 3349 349 3414 mani
380 3349 491 3431 (inser.
513 3353 534 3412 2
557 3371 586 3414 v.
611 3351 662 3412 21.
688 3351 706 3411 3
734 3368 763 3411 r.
790 3347 855 3432 15.)
887 3347 974 3430 quod
1007 3350 1104 3414 etiam
1133 3347 1300 3432 pro'illius
1320 3356 1398 3416 tem-

261 3455 351 3538 poris
372 3452 500 3536 ingenio
523 3453 657 3517 nimium
690 3446 884 3516 adulationis
909 3459 1003 3517 esset.
1047 3452 1127 3519 Mihi
1155 3455 1263 3538 potius
1284 3477 1325 3522 ex
1344 3457 1397 3523 illo

261 3556 417 3623 vocabulo
440 3555 617 3639 εόεργέοαι,
639 3555 726 3639 quod
748 3554 879 3638 propiis
899 3554 941 3619 ed
962 3555 1066 3638 ipsam
1087 3558 1318 3643 rempublicam
1339 3561 1397 3627 Ro

260 3679 387 3725 manem
408 3660 610 3726 referendum
632 3663 699 3740 est,
735 3677 891 3742 apparere
916 3661 1043 3726 videtur
1071 3662 1124 3728 hie
1151 3662 1192 3728 de
1218 3663 1398 3730 hominibus

260 3763 389 3848 publice
411 3755 603 3831 summitate
624 3765 809 3845 instructis,
832 3764 887 3848 qui
910 3765 1146 3847 quodammodo
1167 3767 1278 3853 populi
1300 3770 1397 3852 ipsius

332 4041 471 4110 l),Eticm
485 4045 545 4113 Ὲφ.
568 4043 631 4116 opp.
650 4049 721 4102 4041
749 4065 775 4104 v.
794 4050 828 4102 21
854 4049 918 4104 ooll.
942 4049 1024 4103 inser.
1044 4052 1080 4117 4,
1097 4051 1134 4104 20
1158 4048 1339 4118 supplendum
1356 4057 1397 4106 ert

260 4136 449 4204 παρήδριυσαν
467 4136 495 4190 dr*
513 4133 572 4212 xu[i
589 4142 645 4200 ταῖς
661 4139 806 4204 ἐκκλησίαις
824 4141 926 4200 πάσαις
943 4145 999 4202 ταῖς
1023 4158 1048 4193 ιι
1072 4142 1101 4192 ἐν
1117 4139 1191 4192 riores
1206 4139 1252 4190 xci
1276 4138 1321 4214 ἰ]μ
1340 4149 1399 4196 Πει-

260 4213 347 4296 ραιεῖ,
374 4226 414 4282 ita
431 4232 462 4281 ut
479 4226 533 4284 ium
552 4225 637 4282 Curtii
655 4228 805 4298 sententis,
824 4229 869 4298 qui
887 4229 978 4284 locum
997 4231 1114 4299 aliquem
1132 4224 1244 4298 ephebis
1262 4229 1398 4286 instituen-

261 4314 303 4368 dis
320 4313 490 4371 destinctum'
506 4317 535 4371 in
553 4317 664 4372 Pirueeo
683 4318 765 4372 situm
787 4317 868 4372 fuisse
891 4301 1020 4388 coniecit,
1038 4321 1091 4374 hoc
1109 4323 1184 4373 certo
1207 4317 1268 4372 loco
1293 4321 1399 4387 probari

262 4419 317 4456 non
335 4404 430 4470 possit.
900 4403 903 4410 ’
990 4406 993 4414 ’
