2984 5036
666 287 705 347 79

117 450 204 534 quod
233 472 298 517 non
330 472 425 535 posse
459 451 522 516 nisi
557 451 597 516 de
630 448 770 518 monimo
805 457 905 536 utque
937 449 1127 536 gravissimo
1165 455 1262 532 portu

118 553 370 637 Atheniensium,
392 555 721 666 Piraeensp'intelligi;
744 557 859 623 deinde
877 557 1004 622 demum
1018 555 1146 634 navium
1159 556 1261 617 certo·

119 658 204 723 mine
226 658 312 725 iacto
335 659 476 742 ephebos
498 661 532 724 in
554 660 812 746 Munychiensem
842 665 973 744 portum
1003 660 1151 725 devectos
1180 674 1259 719 esse.

120 761 227 842 Quod,
259 763 287 826 si
309 765 510 846 reputaveris
532 786 615 848 quae
636 765 801 832 Plutarch.
824 765 935 830 Them.
961 768 1001 828 32
1025 763 1177 841 deloco,
1205 759 1261 824 ubi

119 863 350 952 Themistocles
370 867 515 949 sepultus
538 868 591 949 sit,
614 869 702 950 dioit,
725 869 808 934 bene
830 865 979 933 convenit
1001 887 1074 931 oum
1097 885 1145 945 eo,
1175 861 1261 947 quod

119 966 263 1033 Platonis
286 970 398 1034 comici
428 970 533 1036 locum
556 972 682 1039 adhoc
708 965 912 1056 potissimum
940 972 1070 1035 navium
1098 972 1261 1032 certamen

120 1070 312 1138 rettulimus.
1252 1091 1254 1098 ’

209 1176 251 1239 ad
271 1197 304 1258 p.
319 1180 369 1240 73.
392 1174 493 1262 ἱερεὺς
514 1178 673 1242 Ausonios
702 1178 801 1243 etiam
825 1177 898 1241 Φιλ.
919 1183 951 1242 Δ
968 1176 1000 1260 p.
1014 1179 1078 1240 280
1100 1196 1128 1238 v.
1149 1178 1168 1238 9
1191 1176 1261 1252 est3
1370 1185 1373 1192 ⁴

122 1285 155 1343 et
175 1279 262 1344 idem
282 1280 351 1344 sine
381 1280 480 1346 dubio
510 1281 722 1365 supplendum
751 1282 829 1348 ibid.
853 1304 884 1366 p.
909 1285 972 1345 267
994 1302 1024 1344 v.
1047 1282 1090 1342 44
1120 1277 1176 1342 ubi
1199 1275 1260 1341 Ou-

121 1383 275 1448 manudes
297 1383 419 1449 indioot
441 1407 608 1469 superesse
630 1387 757 1452 litteras
781 1437 788 1451 .
814 1436 821 1450 .
844 1387 1014 1450 ΝΤΙΝΟΟ
1036 1433 1042 1446 .
1067 1433 1073 1445 .
1098 1432 1105 1444 .
1137 1379 1262 1463 Quippe

122 1487 316 1552 anteoedunt
336 1493 546 1573 utrorumque
568 1491 800 1556 Antinoiorum
821 1488 1091 1573 agonothetamm
1112 1485 1262 1565 nomine3
1285 1554 1290 1560 ,

121 1611 257 1675 quorum
280 1591 379 1672 alter,
411 1594 535 1659 utiam
562 1595 596 1658 in
618 1595 681 1660 aiio
702 1596 798 1661 titulo
820 1595 974 1673 vidimus
1006 1590 1103 1656 simul
1129 1588 1262 1654 Antinoi

122 1695 273 1760 sacerdos
296 1700 355 1772 est,
378 1697 412 1760 id
435 1697 521 1780 quod
543 1698 638 1764 solito
660 1720 750 1764 more
773 1699 894 1764 nemim
916 1698 985 1762 eius
1007 1694 1186 1760 subiicitur.

211 1798 253 1864 sd
291 1799 425 1866 eandem
455 1823 487 1885 p.
547 1802 597 1868 Ad
638 1823 730 1868 saera
768 1803 802 1866 in
839 1802 993 1867 honorem
1031 1799 1264 1882 imperatorum

123 1901 272 1967 instituta
303 1924 417 1968 novum
448 1905 588 1986 accedit,
623 1905 814 1987 Γορδιάνεια
846 1904 920 1968 (liti.
950 1910 980 1966 A
1009 1924 1040 1985 p.
1071 1905 1131 1964 168
1168 1922 1217 1964 nr.
1243 1904 1261 1962 3

125 2026 153 2066 v.
179 2007 230 2067 27.
