2984 5036
334 1375 337 1380 ’
443 1407 948 1493 ruouuoouuun.

203 1713 266 1778 Per
286 1711 495 1796 longinquum
513 1675 669 1795 temporis
691 1712 849 1795 spatium,
879 1712 963 1796 quod
986 1717 1078 1796 patet
1098 1711 1165 1778 lere
1186 1711 1261 1786 inde

118 1817 160 1883 ab
191 1815 365 1882 Alexandri
395 1815 581 1882 Macedonis
609 1821 717 1882 aetate
750 1836 852 1900 usque
886 1817 928 1882 ad
961 1817 1095 1882 tertium
1123 1836 1156 1899 p.
1186 1813 1260 1885 Chr.

118 1921 291 2001 saeculum,
315 1921 355 1986 de
375 1920 511 1986 internis
533 1921 673 1986 civitatis
696 1921 824 1986 Atticae
847 1921 943 1988 rebus
967 1943 1066 2007 quum
1089 1922 1261 2004 scriptores

8 2099 9 2110 χ
117 2025 184 2090 fere
216 2023 296 2090 nihil
327 2025 460 2090 tradant
490 2045 530 2090 cx
557 2025 634 2090 solis
662 2024 767 2091 titulis
796 2026 950 2092 certiores
979 2025 1050 2092 fieri
1079 2045 1260 2110 possumus.

117 2129 167 2192 Ex
189 2127 305 2211 quibus
327 2127 550 2211 intelligimus,
579 2117 791 2193 nullamrem
813 2129 992 2212 graviorem
1014 2130 1048 2194 in
1069 2134 1141 2195 tota
1167 2148 1261 2212 repu-

117 2231 201 2298 blica
228 2229 387 2311 habitam,
418 2231 453 2295 in
480 2230 602 2296 nullam
635 2231 791 2296 maiorem
815 2251 938 2302 ¹curam
969 2232 1148 2315 impensam
1180 2254 1260 2314 esse,

117 2355 213 2420 quam
234 2335 269 2400 in
291 2355 330 2400 ea
349 2335 518 2415 instituta,
538 2355 620 2418 quae
642 2334 684 2400 ad
706 2335 836 2400 iuvenes
864 2335 931 2400 sive
960 2333 1101 2419 ephebos
1118 2329 1262 2420 ‘pertine

115 2445 198 2520 rent,
220 2440 268 2504 ita
288 2443 326 2503 ut
338 2438 394 2522 qui
415 2458 524 2504 veram
545 2444 578 2504 et
597 2442 782 2503 accuratam
802 2437 998 2522 reipublicae
1009 2438 1261 2521 Atheniensium,

116 2543 220 2627 qualis
242 2548 321 2608 tunc
341 2541 420 2623 luit,
450 2541 699 2624 descriptionem
720 2561 902 2625 proponere
924 2541 1017 2624 velit,
1041 2543 1071 2608 ei
1092 2564 1145 2610 res
1166 2544 1260 2627 ephe·

116 2647 247 2727 borum,
271 2665 354 2729 quae
376 2666 448 2711 cum
470 2645 629 2710 institutis
653 2644 851 2729 reipublicae
882 2651 915 2712 et
937 2647 1040 2712 sacris
1062 2653 1095 2714 et
1116 2647 1260 2732 profanis

117 2751 299 2817 arctissime
330 2750 520 2816 coniunctae
554 2755 646 2832 sunt,
677 2749 807 2815 minime
835 2749 1044 2834 negligendae
1072 2751 1258 2818 videantur:

116 2853 223 2932 Quare
253 2875 318 2920 non
351 2852 499 2918 inutilem
531 2873 663 2936 operam
693 2873 764 2918 esse
795 2853 924 2935 putavi,
963 2853 1070 2920 omnia
1104 2875 1187 2938 quae
1221 2876 1259 2922 eo

115 2962 299 3042 spectarent
320 2977 360 3022 ex
380 2956 485 3022 tibilis
508 2977 606 3040 quam
627 2957 869 3022 accuratissime
890 2976 1090 3039 componere.

200 3061 284 3126 Nam
313 3065 448 3145 egerrmt
482 3059 611 3144 quidem
640 3059 681 3126 de
715 3059 912 3144 epheborum
942 3059 1040 3126 rebus
1072 3060 1166 3127 multi
1194 3063 1259 3127 iam

116 3165 210 3249 eique
240 3164 417 3230 doctissimi
444 3163 606 3230 homines:
642 3183 682 3228 ex
705 3163 941 3247 antiquioribus
973 3162 1142 3230 Gorsinum
1174 3187 1257 3232 com·

115 3288 265 3348 memore,
287 3267 343 3352 qui
364 3269 399 3332 in
420 3267 528 3333 Fastis
550 3267 668 3332 Atticis
689 3265 751 3331 vol.
774 3265 806 3331 11
827 3286 859 3349 p.
887 3270 945 3330 132
960 3287 1031 3350 sqq.
1055 3287 1110 3334 eas
1132 3273 1255 3334 tracta-

113 3373 175 3454 vit3
196 3371 298 3437 multo
319 3392 396 3437 vero
417 3371 548 3437 maioris
570 3371 723 3436 momenti
746 3375 830 3450 sunt,
854 3390 937 3452 quae
957 3369 1137 3438 Boeckhius
1159 3393 1258 3456 quum

113 3478 145 3541 in
170 3475 434 3542 adnotationibus
464 3475 506 3540 ad
534 3495 651 3558 corpus
678 3473 924 3557 inscriptionum
946 3472 1159 3564 Graecarum,
1189 3481 1257 3544 tum

112 3583 146 3646 in
185 3578 509 3660 commentationibus
550 3577 673 3644 duabus
713 3576 767 3663 (de
805 3577 940 3661 ephebia
972 3578 1007 3642 in
1041 3566 1157 3643 indice
1182 3579 1255 3645 lect.

112 3684 219 3750 Berol.
243 3681 322 3750 aest.
356 3686 447 3748 18¹9.
476 3684 516 3749 de
538 3682 734 3748 militaribus
763 3681 959 3764 epheborum
987 3681 1145 3747 tirociniis
1174 3683 1254 3750 ibid.

117 3786 233 3872 18¹⁹b'o
246 3786 293 3873 ¹))
315 3786 474 3869 exposuit.
518 3785 693 3852 Praeterea
705 3785 803 3850 etiam
824 3785 850 3849 I.
862 3783 903 3849 Η.
915 3784 1041 3850 Krause
1064 3784 1138 3871 (Die
1159 3785 1255 3872 Gym·
1337 3773 1343 3778 ’

112 3889 221 3956 nastik
248 3889 315 3954 und
336 3888 507 3974 Agonistik
529 3889 587 3954 der
608 3880 763 3954 Helleneu
785 3891 804 3952 2
827 3887 900 3953 voll.
924 3888 1053 3973 Lipsiae
1080 3891 1193 3974 1841),
1216 3889 1252 3956 F.

112 3993 153 4058 H.
164 3992 201 4058 L.
224 3994 367 4074 Ahrens,
390 3993 446 4082 (de
469 3993 668 4060 Athenarum
690 3996 779 4059 statu
800 3991 932 4075 politico
955 3999 988 4059 et
1010 3994 1154 4058 literario
1178 3993 1253 4060 iude

187 4160 212 4230 ι)
229 4158 372 4229 respectae
390 4161 498 4214 suntin
515 4159 601 4214 roro:
621 4159 654 4214 e.
671 4159 803 4231 eschom,
820 4159 910 4216 uenas
927 4127 1028 4216 nisis
1045 4159 1064 4212 r.
1081 4158 1180 4214 emor.
1199 4163 1252 4215 ea.

113 4248 184 4334 1628
201 4247 267 4302 Heit
285 4251 301 4302 3
320 4266 349 4318 p.
368 4251 402 4303 78
418 4266 490 4320 sqq,
510 4249 585 4303 cuius
603 4249 668 4303 libri
693 4249 807 4320 paginas
826 4265 877 4320 ego
898 4251 927 4304 in
944 4247 1088 4304 afferendis
1105 4246 1159 4301 illis
1179 4264 1252 4302 com·

111 4335 323 4391 mentationibus
340 4335 503 4392 adscribam.
1351 4348 1355 4354 '

951 4436 966 4494 l
