2984 5036
653 318 692 378 33

97 482 221 550 ciorum
244 481 279 546 Ο.
302 482 327 546 Ι.
345 482 406 546 ar.
430 486 503 547 283.
528 481 723 550 Theseorum
747 483 819 550 Φιλ.
841 491 876 552 Α
895 509 927 570 p.
950 490 1023 549 519.
1068 487 1242 554 Adrianeo·

96 605 171 650 rum
198 584 277 650 ibid.
311 605 342 668 p.
376 587 447 650 384.
504 585 611 652 Etiam
640 586 697 652 filii
730 593 890 654 cosmetae
922 588 1135 671 agonothetae
1168 600 1242 658 sunt

100 688 177 752 Φιλ.
199 692 228 750 Γ
243 691 373 771 Ρυ278.
999 737 1003 746 .
1060 719 1065 741 n
1214 741 1217 746 .

186 797 216 857 2.
261 792 366 870 Quum
388 791 488 876 igitur
517 793 707 863 nobilissimi
729 795 873 862 homines
902 796 958 862 illo
979 817 1113 866 munere
1132 802 1241 888 funge-

96 903 226 979 rentur,
249 899 366 983 quibus
387 896 525 964 honores
553 917 625 963 cnm
648 917 685 964 eo
708 900 869 967 coniuncti
894 902 996 984 magis
1019 923 1115 987 quam
1137 908 1243 974 officia

97 1002 179 1067 satis
208 1001 345 1068 molesta
372 1021 469 1066 marae
494 1001 593 1067 trusae
622 1005 801 1084 putaveris,
830 1003 1021 1086 paullatim,
1051 1014 1088 1074 ut
1117 1011 1243 1078 videtur

96 1107 184 1170 moa
203 1105 364 1172 Hadriani
384 1105 589 1188 imperatoris
611 1111 770 1186 amntem,
792 1125 866 1172 mos
883 1107 1035 1190 invaluit,
1063 1117 1101 1176 ut
1122 1133 1161 1180 ex
1184 1137 1242 1182 suo

96 1210 234 1276 arbitrio
256 1216 417 1280 cosmetae
446 1210 508 1276 sibi
541 1210 719 1294 allegarent
748 1207 893 1274 homines
922 1211 1092 1294 quosdam,
1124 1219 1241 1300 quibus

95 1321 223 1397 partem
244 1315 446 1399 negotiorum
468 1313 653 1395 traderent,
674 1313 914 1396 hypocoametas
934 1315 985 1380 vel
1008 1319 1239 1390 anacosmetas.

95 1416 165 1482 Hos
188 1417 274 1482 enim
296 1437 361 1484 non
381 1417 509 1501 publice
531 1418 666 1497 electos,
697 1413 755 1479 sed
775 1415 902 1497 privato
924 1421 1057 1486 consilio
1080 1443 1100 1486 a
1121 1444 1241 1492 cosme.

95 1520 140 1585 tis
163 1519 327 1586 adhibitos
349 1537 420 1588 esse
442 1521 556 1606 colligo
580 1543 619 1587 ex
639 1515 735 1586 titulo
759 1517 831 1582 (ll.
847 1517 904 1583 Gn.
921 1524 994 1602 284,
1016 1525 1240 1614 ubicatalogo

96 1625 293 1709 ephebornun
315 1625 395 1692 haec
417 1626 582 1710 adscripta
603 1625 766 1708 leguntur:
789 1623 999 1713 drrraoopq'op
1021 1627 1058 1690 da
1073 1629 1133 1694 oda
1147 1632 1241 1720 ὀχρη.

97 1730 204 1816 σάμην
225 1729 282 1794 decl
303 1731 339 1796 ad
361 1730 398 1794 lv
418 1753 460 1816 up
485 1734 577 1815 νόμῳ
596 1731 669 1811 περὶ
690 1726 808 1790 ndens
828 1727 929 1811 μηδὲν
959 1732 1156 1816 γεγράφθαι,
1181 1737 1240 1802 ἅλ-

95 1831 160 1906 λως
180 1854 212 1896 τε
234 1837 289 1895 καὶ
310 1836 354 1916 τῷ
377 1831 437 1918 clod
459 1833 640 1919 ἐχρησάμην
659 1831 706 1905 εἰς
726 1829 842 1914 sempr
862 1831 918 1916 τὴν
939 1831 1134 1912 ἐπιμέλειαν.
1156 1840 1237 1907 Nam

96 1935 183 2019 quod
204 1935 384 2002 Boeolrhius
411 1937 517 2002 inesse
545 1935 630 2017 vult,
661 1935 753 2001 illum
785 1939 960 1999 conmotam
992 1936 1026 2000 in
1057 1937 1115 2004 boe
1146 1945 1238 2010 titulo
1296 1936 1298 1938 ’

90 2044 241 2123 ponendo
264 2043 476 2108 anticosmeta
499 2059 556 2104 suo
579 2059 671 2104 usum
693 2057 758 2104 non
780 2055 872 2117 esse,
903 2037 936 2103 id
966 2045 998 2105 et
1024 2043 1130 2110 verbis
1159 2047 1238 2130 ipsis

94 2147 199 2210 minus
221 2145 498 2212 accommodatum
520 2142 647 2208 videbun
663 2135 913 2230 (exspectaveris
935 2143 1019 2208 enim
1043 2151 1087 2227 τῷ
1108 2145 1238 2216 evnan-
1297 2187 1301 2194 ·

94 2247 206 2336 σμήτῃ)
223 2256 256 2314 et
277 2249 407 2314 omnino
429 2247 470 2314 de
492 2246 648 2314 eiusmodi
677 2245 782 2310 titulis
811 2246 968 2329 ponendis
998 2247 1122 2332 legibus
1144 2267 1238 2336 prae:

93 2352 247 2436 scriptum
269 2353 368 2418 luisse
390 2371 454 2416 non
476 2349 627 2416 traditur.
656 2349 755 2414 Filios
777 2369 852 2415 vero
871 2345 1086 2422 carnotanam
1109 2361 1237 2442 saepius

93 2463 225 2542 patrum
254 2457 288 2523 in
321 2455 507 2523 coercendis
540 2453 672 2537 ephebis
708 2451 873 2519 adiutores
906 2454 1004 2520 fuisse
1033 2458 1131 2523 etiam
1171 2464 1237 2528 alia

93 2561 239 2644 exempla
260 2557 378 2628 docent
400 2558 494 2644 (0.1.
515 2557 572 2623 Gr.
596 2562 660 2623 270
679 2557 766 2622 filius
789 2564 949 2624 cosmetae
971 2559 1055 2625 alter
1077 2581 1116 2626 ex
1137 2563 1235 2649 hypo-

93 2665 243 2732 cosmetis
264 2669 331 2744 est,
356 2662 430 2726 Φιλ.
453 2667 488 2726 A
506 2684 538 2747 p.
564 2666 627 2726 384
660 2651 894 2747 anticosmeta).
927 2662 1071 2747 Denique
1092 2687 1164 2732 cum
1186 2689 1234 2749 eo,

92 2769 179 2853 quod
202 2789 291 2834 more
313 2769 418 2851 magis
441 2771 606 2849 receptum
627 2766 727 2832 luisse
748 2767 876 2830 videtur
897 2787 991 2850 qnam
1015 2768 1085 2852 lege
1106 2771 1235 2837 institu-

91 2881 160 2937 tum
182 2877 220 2937 ut
241 2870 398 2937 eiusmodi
420 2870 523 2936 socios
541 2868 689 2935 laborum
709 2869 770 2933 sibi
793 2872 1003 2950 assumerent,
1027 2873 1235 2954 optimo‘oon·

89 2975 179 3039 venit
199 2974 414 3038 inconstantia
435 2972 560 3037 numeri
590 2977 624 3038 et
650 2972 786 3038 nominis
809 2991 930 3037 eorum.
989 2973 1114 3058 Quippe
1135 2997 1234 3060 quum

90 3077 280 3162 plerumque
303 3073 352 3161 (ο.
375 3075 399 3139 1.
423 3074 479 3140 ur.
511 3077 585 3139 271.
618 3077 691 3140 ara.
727 3077 801 3136 asc.
833 3077 907 3138 aar.
944 3075 1017 3138 nar.
1038 3086 1073 3139 A
1091 3065 1134 3161 p.
1160 3083 1232 3144 aaa.

89 3183 158 3264 I'p.
171 3183 246 3247 444.
264 3179 436 3266 553)unus
448 3177 672 3264 ἀντικοσμῆνης
689 3178 742 3260 eit,
763 3177 798 3243 O.
815 3178 839 3242 Ι.
862 3175 917 3242 Gr.
934 3184 998 3244 270
1016 3177 1233 3268 ὐποκοσμῆται

89 3285 170 3365 dno,
194 3283 296 3350 areb
319 3303 403 3350 unua
425 3289 619 3348 recensetur.
675 3282 758 3347 Nam
787 3303 920 3347 munera
948 3285 1177 3352 anticosmetae
1199 3293 1232 3353 et

65 3389 388 3471 bypecosmetsmm
419 3387 547 3452 diversa
575 3387 693 3467 finisse,
737 3394 774 3450 ut
809 3385 918 3455 volunt
953 3383 1094 3452 Bentler¹
1115 3411 1147 3473 p.
1179 3396 1230 3457 32.

88 3491 216 3556 Kranae
237 3491 262 3554 1.
284 3512 315 3574 p.
339 3496 412 3573 212,
447 3511 545 3574 quum
574 3508 737 3574 nunquam
759 3491 792 3554 in
814 3489 925 3554 eodem
953 3491 1048 3556 titulo
1071 3495 1231 3560 conuincti

87 3594 309 3675 inveniantur,
332 3615 493 3678 quumque
514 3615 555 3659 ne
575 3594 610 3657 in
627 3594 925 3678 hypocoametarum
948 3593 1076 3676 quidam
1098 3615 1230 3661 numero

87 3697 177 3764 tituli
199 3697 261 3764 sibi
284 3703 451 3778 constent,
474 3697 642 3781 probabile
664 3717 728 3761 nnn
751 3700 811 3760 est.

630 3909 636 3922 .
674 3863 702 3922 3.

463 3982 505 4034 De
522 3860 659 4051 magislris
677 3987 706 4036 et
722 3980 861 4036 ministris.

172 4105 241 4172 Iam
263 4107 346 4186 dixi,
369 4105 430 4170 hoc
450 4111 578 4188 tempus
601 4106 802 4209 asuperion'
821 4125 1014 4188 magnopere
1033 4128 1070 4172 eo
1086 4107 1226 4188 differre,

85 4211 174 4296 quod
195 4219 263 4278 tum
288 4211 429 4296 ‚primum
458 4215 685 4295 praeceptores
715 4209 912 4294 epheborum
942 4210 1069 4295 publice
1100 4211 1227 4300 institui

84 4313 274 4398 coepissent.
318 4313 439 4380 Tamen
460 4312 496 4377 id
514 4313 721 4390 memorabile
739 4319 805 4392 est,
825 4313 981 4378 eiusmodi
1000 4319 1226 4396 praeceptores

83 4424 159 4484 ante
180 4419 411 4502 imporatorum
431 4422 579 4498 tempora
600 4435 663 4481 non
686 4417 784 4482 luisse
805 4418 867 4482 nisi
889 4435 999 4480 earum
1019 4437 1227 4500 rerumquae
