2984 5036
707 358 725 416 5

133 517 308 607 Ῥωμαῖος,
340 522 499 605 Μάαρκος
519 525 684 608 Μαᾰρκου
712 522 882 607 Μελιτεύς)
915 523 1080 607 appellari.
1127 524 1188 602 Qui
1218 545 1286 588 mos

142 647 242 714 quum
269 649 343 692 vere
366 625 508 692 Graecus
532 632 564 691 et
587 647 607 692 a
629 627 781 693 Romanis
804 648 937 710 prorsus
970 628 1093 693 alienus
1115 628 1171 707 sit,
1202 649 1285 692 com·
1396 691 1397 694 ,

143 735 261 820 probat
283 735 424 800 Graecos
444 738 485 799 'eo
506 739 652 816 tempore
673 756 798 800 morum
817 735 1032 800 Romanorum
1054 739 1120 799 tam
1143 734 1286 800 insuetos

142 839 258 919 fuisse,
290 843 327 903 ut
349 840 457 921 potius
480 837 632 919 Romani,
663 839 774 922 quiin
796 838 933 904 Graecia
955 838 1129 923 degebant.
1156 839 1286 903 illorum

142 962 247 1008 mores
269 941 484 1006 imitarentur.
530 939 653 1018 Quibus
675 941 823 1007 omnibus
846 943 1057 1007 iurationem
1078 939 1199 1006 vocatis
1221 962 1286 1006 non

142 1067 254 1112 vereor
274 1067 316 1110 ne
338 1045 431 1110 nimie
451 1038 559 1110 audax
581 1046 710 1128 videar,
733 1047 761 1112 si
782 1068 842 1130 pro
865 1052 954 1111 certo
975 1046 1146 1127 affirmem,
1176 1066 1285 1111 omnes

142 1150 201 1215 hos
234 1148 347 1215 titulos
381 1150 472 1214 iutra
506 1151 642 1215 alter-um
677 1158 750 1216 arare
787 1151 948 1217 Christum
981 1157 1093 1216 aotam
1125 1151 1285 1215 soeculum

143 1254 337 1336 compositos
361 1272 441 1346 esse.

230 1355 386 1422 Consulto
408 1353 572 1435 hucusque
593 1353 680 1417 tacui
700 1351 739 1416 de
760 1352 858 1434 ipsis,
879 1371 962 1435 quae
985 1354 1019 1418 in
1040 1354 1144 1420 titulis
1164 1356 1284 1428 insunt,

142 1469 324 1546 temporum
354 1456 610 1537 definitionibus,
640 1457 770 1522 nomina
800 1455 990 1522 archontum
1021 1457 1101 1523 dico.
1147 1459 1285 1524 Tantum

144 1565 230 1630 enim
251 1563 344 1630 abest
372 1568 409 1628 ut
440 1562 521 1627 haec
550 1560 593 1626 ad
614 1567 741 1644 tempus
763 1561 1009 1645 inscriptionum
1031 1563 1285 1646 cognoscendmn

143 1669 237 1736 utilia
263 1669 345 1747 sint,
375 1672 412 1732 ut
437 1667 507 1749 ipsa
538 1665 737 1730 accuratiore
765 1665 922 1747 temporis
945 1663 1129 1730 definitione
1155 1673 1284 1750 egeant:

142 1794 308 1840 versamur
321 1772 404 1837 enim
427 1771 461 1834 in
483 1790 521 1837 eo
540 1774 684 1851 tempore
704 1769 795 1834 cuius
812 1767 1001 1833 archontum
1022 1771 1121 1834 series
1135 1771 1286 1835 continua

144 1899 277 1963 prorsus
306 1875 430 1941 interiit
459 1893 563 1955 neque
594 1870 759 1955 hucusque
790 1873 919 1936 restitui
949 1874 1066 1954 potuit.
1111 1873 1230 1952 Tamen
1252 1875 1283 1938 id

144 1989 232 2061 certe
261 1979 325 2046 dici
351 1982 474 2062 potest,
507 1976 637 2041 nomina
664 1995 807 2058 eaquae
837 1976 871 2040 in
892 1975 995 2041 titulis
1026 1978 1147 2044 nostris
1166 1979 1285 2060 insunt,

143 2107 209 2153 non
229 2082 395 2150 adversari
417 2082 478 2160 eis,
511 2099 593 2163 quae
620 2078 750 2146 aliunde
773 2079 813 2144 de
842 2085 950 2146 aetate
970 2102 1082 2147 eorum
1103 2083 1285 2147 statuimus.

144 2190 226 2255 Nam
248 2189 283 2253 in
305 2188 399 2252 inscr.
424 2189 442 2248 3
464 2185 549 2248 inest
559 2181 664 2249 Medei
685 2204 811 2264 nomen,
834 2205 929 2267 quem
942 2183 1166 2250 Meiercomm.
1185 2187 1284 2270 epigr.

146 2298 165 2358 2
185 2315 217 2377 p.
242 2297 282 2355 87
305 2290 402 2373 Argei
425 2287 599 2372 Tricorysii
621 2286 788 2369 aequalem
805 2286 872 2351 fere
893 2287 992 2352 fuisse
1015 2287 1124 2367 doc'et:
1145 2290 1286 2372 Argeum

144 2417 219 2463 vero
252 2393 344 2478 (ibid.
372 2413 408 2474 p.
442 2392 497 2474 81)
530 2390 616 2454 inter
642 2379 743 2454 annos
777 2393 837 2453 168
863 2396 902 2455 et
934 2390 1126 2455 27110111.
1155 2414 1285 2457 munere

144 2501 286 2566 functum
298 2517 368 2562 esse
386 2495 596 2560 demonstrat.
642 2492 848 2577 Agathoclem
862 2494 970 2578 (inscr.
981 2494 1010 2578 Ι)
1034 2494 1187 2560 Corsinus
1200 2497 1235 2560 F.
1247 2499 1284 2561 A.
1317 2533 1319 2536 ·

145 2605 198 2686 IV,
221 2626 252 2686 p.
269 2606 330 2665 114
351 2599 449 2664 refert
471 2599 513 2664 ad
535 2619 654 2662 annum
679 2599 738 2662 131
761 2595 868 2662 aOhr.
912 2591 1096 2664 Heraclitus
1118 2597 1198 2684 (Ἐφ.
1214 2599 1285 2682 α’ρχ.

146 2709 245 2791 4041)
280 2707 311 2770 in
341 2703 519 2786 fragmento
555 2700 693 2784 catalogi
728 2699 918 2766 archontum
947 2722 1006 2784 per
1033 2701 1156 2786 aliquot
1184 2725 1286 2769 annos

146 2813 332 2877 continuato
364 2807 451 2892 apud
472 2806 627 2870 Meiernm
654 2805 676 2869 l.
707 2805 728 2870 l.
756 2826 787 2887 p.
812 2809 853 2870 69
883 2806 1061 2886 invenitur,
1090 2807 1176 2890 quod
1203 2831 1231 2872 v.
1255 2809 1285 2872 d.

146 2917 232 2982 inter
253 2914 302 2980 01.
329 2917 399 2992 130,
426 2916 441 2974 1
471 2912 548 2996 (260
576 2931 605 2974 a.
630 2908 719 2994 chr.)
742 2915 775 2974 et
797 2909 1013 2975 Romanorum
1037 2910 1285 2977 dominationem

147 3019 363 3100 conscriptum
384 3034 454 3080 esse
474 3014 600 3078 statuit.

231 3122 275 3187 Ut
297 3115 479 3184 accuratius
501 3117 691 3198 definiatur,
723 3119 881 3202 qua'enam
902 3120 987 3184 inter
1009 3118 1151 3202 singulos
1174 3119 1286 3185 titulos

147 3224 325 3292 intercedat
346 3229 528 3306 temporum
545 3222 640 3301 ratic,
662 3221 731 3286 fieri
754 3243 818 3287 non
830 3227 954 3306 potest3
978 3228 1010 3288 ct
1033 3223 1060 3286 si
1081 3221 1150 3286 fieri
1167 3230 1286 3304 posset,

127 3328 261 3415 ‚inutile
289 3333 384 3392 esset.
427 3325 465 3390 Id
494 3348 593 3390 unum
623 3325 685 3390 dici
714 3332 841 3409 potest,
873 3347 983 3392 omnes
1017 3327 1101 3391 inter
1133 3343 1169 3391 se
1200 3327 1287 3392 haud

146 3421 271 3517 magnis
292 3438 474 3514 temporum
484 3428 661 3494 intervallis
683 3429 846 3509 distineri;
865 3429 952 3512 quod
964 3450 1062 3512 quum
1085 3450 1124 3494 111
1143 3435 1287 3494 totorum

147 3537 315 3604 titulorum
337 3533 545 3599 similitudine
566 3539 636 3599 turn
659 3553 698 3598 ex
721 3533 894 3598 eorimdem
911 3533 1073 3598 hominum
1095 3535 1286 3614 nominibus,

148 3661 231 3727 quae
253 3641 287 3704 in
308 3635 525 3721 compluribus
546 3638 666 3716 insunt,
689 3637 880 3720 intelligitur
903 3637 956 3723 (cl.
980 3659 1049 3721 cap.
1071 3637 1102 3702 Π
1124 3639 1141 3722 ᾖ
1166 3642 1195 3717 3,
1220 3637 1264 3724 2).

235 3749 265 3810 2.
314 3741 462 3824 Gotaloyi
490 3741 685 3825 epheborum
716 3747 749 3806 et
777 3742 1025 3824 magistratuum
1061 3742 1285 3826 gynmicorum.

147 3848 251 3914 Huius
272 3844 397 3930 generis
420 3843 580 3928 permulta
602 3842 797 3926 exemplaria
827 3843 955 3908 inventa
985 3850 1075 3925 sunt,
1102 3850 1245 3927 tempore
1268 3867 1287 3908 a

147 3952 256 4036 priore
287 3968 403 4034 genere
436 3967 534 4030 quam
561 3946 698 4010 maxime
732 3945 849 4011 diversi
882 3969 979 4030 quum
1008 3947 1074 4013 lere
1104 3971 1212 4013 omnes
1246 3949 1288 4013 ad

90 4059 105 4084 ⁸
147 4059 376 4140 imperatorum
398 4053 615 4118 Romanorum
636 4057 783 4134 tempora
810 4051 993 4134 pertineant
999 4101 1009 4134 ,
1042 4052 1158 4136 quibus
1186 4053 1288 4134 magis

147 4160 313 4243 magisque
334 4155 469 4220 invaluit
491 4176 560 4220 mos
582 4155 705 4232 omnia,
736 4155 835 4218 etiam
864 4155 1038 4234 levissima,
1069 4155 1103 4218 in
1126 4160 1288 4219 aeternam

148 4267 352 4350 posterorum
383 4260 569 4325 memoriam
602 4258 707 4324 literis
740 4257 924 4324 mandandi.
979 4258 1110 4323 Maximi
1137 4259 1288 4323 momenti

153 4388 210 4436 eae
232 4364 363 4431 tabulae
386 4368 474 4442 sunt,
509 4362 626 4450 quibus
649 4384 758 4428 omnes
782 4362 922 4429 eiusdem
956 4361 1031 4426 anni
1053 4360 1167 4444 ephebi
1194 4362 1288 4427 simu]
