2984 5036
781 305 822 364 70

148 531 151 538 ,
247 471 290 536 ad
311 469 452 554 ephebos
473 471 667 556 pertinuisse
689 475 809 536 natura
829 471 878 538 rei
899 471 977 556 lert,
1000 491 1100 555 quum
1122 476 1156 538 et
1176 471 1240 554 ipsi
1263 471 1395 536 iuvenes
1476 463 1477 480 ¹

247 573 454 658 pulcherrimi
475 581 509 644 et
529 573 697 642 fortissimi
717 575 847 642 fueriut.

338 683 387 744 16.
441 680 564 746 Contra
597 699 680 766 quae
714 675 857 746 eiusdem
898 679 987 746 tituli
1021 701 1051 746 v.
1083 684 1125 744 28
1161 679 1288 762 scripta
1319 686 1395 744 sunt
1477 679 1478 682 ’

248 786 488 871 nuper-mm]
511 784 563 870 δ[ὲ
583 789 638 848 καὶ
724 831 732 847 .
755 829 764 848 .
786 801 818 849 σι
840 829 849 848 .
873 837 880 850 .
902 783 972 868 mbr
996 793 1161 864 γεγονεταν
1179 783 1217 848 ἐκ
1239 781 1395 848 παλαιῶν

174 899 180 908 “
247 886 373 974 χρόνων
393 885 458 952 ὑπὸ
480 889 545 951 τῶν
564 890 714 971 πατέρων
735 890 791 952 roi
816 885 905 971 aava
927 888 1154 973 [r]vqsatuv²⁰)
1180 891 1236 950 ant
1257 886 1392 952 θύσαν-
1477 869 1478 926 l

248 1014 296 1066 ως
316 989 473 1076 ἀπῆλθον
494 987 696 1076 rihmunt,
729 1011 768 1057 ea
789 1011 853 1075 quo
875 991 1061 1074 pertineant
1090 991 1119 1056 si
1141 992 1272 1056 omnino
1297 991 1392 1056 extri-
1477 955 1478 1026 i

247 1095 315 1162 cari
335 1095 476 1178 poterit,
506 1100 594 1161 certe
622 1095 684 1162 hoc
715 1094 864 1180 peritiori
885 1115 982 1178 quam
1016 1115 1075 1180 ego
1105 1115 1178 1163 sum
1208 1094 1392 1180 relinquen·

247 1197 323 1264 dum
346 1199 408 1265 erit
423 1199 480 1284 ²¹).

337 1308 386 1368 17.
428 1301 622 1388 Aurumque
650 1321 767 1368 nomen
795 1301 941 1386 quamvis
963 1323 1079 1368 novum
1102 1303 1162 1386 sit,
1190 1310 1303 1370 tamen
1323 1326 1391 1370 rem

247 1417 358 1476 notam
380 1408 558 1494 significat,
582 1406 774 1473 sacrificium
796 1404 893 1487 illud,
917 1406 1004 1491 quod
1025 1407 1139 1474 ultimo
1161 1409 1241 1474 anni
1261 1408 1317 1476 die
1337 1409 1389 1474 fia

246 1513 305 1580 bat
326 1517 371 1600 uqi
392 1516 445 1578 Aul
472 1513 516 1598 uqi
538 1514 652 1596 σωτῆρι
681 1514 736 1573 καὶ
756 1512 793 1600 τῇ
815 1507 946 1596 Ἀθηνᾷ
967 1514 1005 1601 τῇ
1032 1513 1164 1598 σωτείρᾳ
1184 1512 1316 1598 (Lysiam
1338 1517 1388 1592 26,

248 1621 278 1682 6.
312 1616 413 1700 Rang.
437 1620 504 1682 ant.
533 1613 618 1680 Hell.
642 1618 715 1680 793.
740 1617 813 1680 794.
858 1615 976 1700 Ἐπιγρ.
1008 1616 1119 1680 dread.
1151 1614 1217 1684 aue
1251 1621 1310 1681 ωὕ
1331 1615 1389 1698 cip
1478 1663 1479 1718 q

246 1718 452 1801 χαιολογωωϋ
474 1717 631 1798 συλλόγου
653 1715 749 1802 quil.
771 1715 800 1799 ff
822 1717 874 1803 ἄρ.
888 1720 955 1804 64).
999 1719 1059 1786 His
1078 1721 1178 1806 igitur
1199 1719 1271 1786 deis
1294 1721 1389 1786 etiam
1478 1743 1479 1828 q

246 1824 361 1909 ephebi
392 1825 525 1890 arietem
557 1827 716 1890 mactasse
753 1823 904 1906 dicuutur
938 1821 1022 1910 (Ἐφ.
1052 1823 1125 1912 α’ρχ.
1155 1829 1241 1892 4042
1275 1848 1306 1892 v.
1338 1831 1387 1890 25.
1478 1841 1479 1844 ’

246 1930 342 1996 inser.
369 1933 399 2010 2,
424 1933 475 1992 30.
501 1931 551 1992 78.
574 1931 604 1992 4.
629 1927 684 2012 21)
699 1926 755 2012 ²²).

332 2032 369 2096 B.
423 2031 658 2115 Imperatorum
694 2029 912 2100 Romanorum
952 2036 1097 2113 tempore
1134 2030 1252 2115 quibus
1289 2034 1389 2098 sacris

246 2135 451 2202 interfuerint
484 2132 599 2218 ephebi
632 2132 779 2217 inprimis
814 2153 854 2198 ex
890 2132 1160 2217 agonothetamm
1193 2136 1389 2218 nominibus,
1479 2199 1480 2224 p

246 2259 328 2324 quae
350 2238 545 2323 epheborum
578 2236 733 2322 catalogis
761 2236 859 2302 adiici
880 2236 1000 2318 solent,
1037 2238 1251 2320 cognoscitur.
1297 2240 1389 2306 Eius·

246 2345 334 2412 modi
355 2343 441 2411 tituli
465 2341 551 2408 haud
574 2340 669 2426 pauci
691 2339 812 2406 servati
835 2346 930 2422 sunt,
954 2361 993 2406 ex
1014 2340 1131 2424 quibus
1151 2341 1247 2426 longe
1268 2345 1389 2428 gravis·
1475 2371 1480 2500 1

246 2451 317 2518 simi
341 2453 373 2515 et
394 2447 594 2533 integerrimi
617 2446 681 2512 duo
705 2449 780 2510 sunt
798 2442 872 2508 Φιλ.
884 2449 916 2508 Β
932 2466 965 2530 p.
981 2447 1044 2510 428
1056 2465 1126 2530 sqq.
1149 2447 1222 2529 l'p.
1240 2450 1306 2512 277
1319 2469 1387 2533 sqq.

247 2557 309 2636 Qui
331 2578 429 2640 quum
449 2556 484 2620 in
497 2554 659 2638 plerisque
674 2551 888 2632 consentiant.
911 2571 949 2617 eo
972 2550 1136 2634 diffamat,
1158 2552 1246 2636 quod
1258 2559 1391 2636 praeta

246 2681 284 2726 ea
307 2679 417 2739 sacra,
450 2657 590 2741 quaein
620 2657 729 2740 priore
755 2654 812 2720 illo
834 2659 1061 2734 recensentur,
1092 2655 1128 2720 in
1148 2653 1211 2722 hoc
1231 2657 1390 2726 accedunt

249 2763 429 2848 Κομόδεια,
465 2760 639 2850 Σεβήρειω,
677 2757 910 2842 comestores.
968 2759 1058 2838 Quae
1090 2781 1143 2826 res
1175 2762 1389 2830 artissimum

247 2868 402 2953 temporis
425 2867 578 2934 indicium
600 2865 764 2932 continere
785 2863 929 2946 vitietur,
958 2863 1008 2929 ita
1036 2868 1074 2929 ut
1095 2865 1237 2948 priorem
1258 2867 1388 2934 titulum

247 2979 322 3038 anta
344 2971 424 3036 haec
447 2991 541 3037 sacra
563 2970 723 3050 instituta,
745 2969 767 3032 i.
791 2989 819 3033 e.
841 2967 976 3034 nonita
997 2967 1099 3035 multo
1119 2973 1196 3054 post
1209 2968 1253 3034 M.
1266 2972 1390 3038 Aurelii

246 3081 401 3156 mortem,
424 3075 510 3141 huno
540 3095 616 3140 vero
650 3074 740 3140 cirea-
766 3071 953 3140 Caracallae
983 3073 1153 3158 imperium
1175 3079 1388 3160 compositum

246 3203 317 3248 esse
338 3185 506 3265 appareat.
560 3178 619 3244 His
642 3197 717 3242 vero
747 3177 943 3260 comparatis
965 3176 1064 3244 etiam
1093 3184 1277 3246 ceterorum
1306 3182 1387 3250 eius-
1480 3155 1481 3244 i

245 3286 332 3352 modi
376 3283 545 3352 titulorum
591 3286 719 3366 tempus
763 3279 850 3346 facili
894 3281 1023 3365 negotio
1068 3282 1221 3350 constitui
1270 3291 1386 3371 potest.

244 3389 283 3455 ln
304 3389 452 3456 hisvero
485 3387 590 3453 titulis
613 3407 652 3452 ex
673 3387 731 3468 iis,
765 3385 805 3450 de
828 3384 945 3472 quibus
968 3386 1246 3471 supradiximus,
1277 3391 1386 3471 saeris,

245 3497 315 3564 sola
341 3497 463 3562 Thesea
495 3499 723 3574 recensentur;
756 3496 926 3577 praeterea
956 3513 997 3558 ex
1025 3493 1265 3577 antiquioribus
1297 3497 1387 3564 iesus

244 3601 401 3683 Asclepios
433 3597 522 3684 (Φιλ.
543 3596 571 3661 l..
587 3595 609 3661 l.
638 3596 674 3661 0.
697 3597 723 3660 Ι.
746 3595 803 3660 Gr.
827 3602 890 3663 246
913 3597 970 3682 al.)
1003 3619 1193 3683 magnorum
1215 3598 1388 3688 Dionysio-

318 3815 364 3882 20)
384 3812 464 3868 Cuius
488 3813 614 3868 vocabuli
631 3813 693 3868 loco
712 3830 738 3866 v.
757 3815 793 3866 70
810 3811 857 3866 ubi
876 3812 972 3868 eadem
991 3813 1047 3870 lere
1072 3813 1187 3870 redarmt
1205 3815 1307 3886 legitur
1325 3833 1388 3888 προ-

245 3919 362 3956 Μασῦαν.

317 3992 362 4062 21)
380 3991 451 4044 Nam
469 3989 542 4058 quod
560 3988 675 4044 Pittakis
693 3989 803 4059 supplet
820 3988 888 4058 (llq.
907 3987 969 4062 ἀρχ.
989 3995 1072 4061 4098)
1090 3993 1126 4052 εἰς
1138 3988 1304 4062 Ῥαμνοῦντα
1323 3994 1388 4048 nihil

244 4089 286 4138 cst
303 4081 355 4138 nisi
374 4080 529 4137 coniectura
547 4094 634 4147 nsque
652 4079 740 4134 minus
753 4097 841 4150 neque
858 4082 946 4152 magis
957 4081 1111 4138 veriumilis
1129 4081 1183 4138 alia
1200 4098 1388 4152 quamcunque

244 4172 303 4240 quis
320 4170 443 4240 proferre
461 4171 566 4238 potest,
597 4170 679 4235 atque
696 4167 807 4237 insuper
822 4185 858 4224 nc
876 4169 998 4241 vestigiis
1023 4171 1134 4240 quidem
1157 4185 1226 4238 quaa
1251 4170 1280 4224 iu
1298 4169 1389 4240 lapide

243 4262 385 4330 supersunt
402 4255 637 4313 accommodatum
655 4272 714 4311 esse
732 4257 848 4312 videtur.

315 4348 360 4416 22)
378 4350 423 4401 Aet·
439 4344 533 4416 σωτῆρι
551 4343 659 4415 ἐφήβων
677 4345 824 4402 anathema
841 4353 1015 4404 consecratur
1033 4351 1166 4408 aduobus
1184 4349 1298 4420 ephebis
1317 4351 1347 4405 G.
1366 4351 1388 4406 1.

244 4437 290 4492 Gr.
308 4440 369 4492 246.
