2984 5036
645 320 686 378 45

92 487 151 552 cit
162 485 292 552 etiam
282 507 317 550 ιιι
338 483 485 565 ιΙιθιιιο,
517 485 635 568 quippe
657 485 714 550 ubi
736 502 828 551 suum
859 486 965 550 locum
997 487 1048 568 (ab
1067 485 1242 570 ἐφηβικὸν)

91 588 274 668 habebant,
299 587 441 670 ephebos
464 607 485 652 a
506 587 719 671 sophronistis
741 587 920 655 custoditos
942 607 1021 654 asse.

182 690 285 770 Qua
275 713 310 760 ιιι
331 711 369 755 re
392 709 491 774 quum
512 692 577 762 iam
604 713 663 776 per
690 713 725 756 se
753 697 1004 760 consentaneum
1025 694 1085 772 sit,
1118 694 1240 759 unicui-

94 811 168 882 que·
182 794 408 880 sophronistae
428 801 559 878 partem
578 796 740 881 quandam
762 795 1079 880 epheborumpqucs
1102 803 1240 876 curaret,

94 899 289 964 attributam
317 897 436 978 imese,
467 898 582 965 titulus
610 898 680 983 Ἐφ.
702 899 776 984 α’ρχ.
801 903 903 980 2235,
937 898 993 964 ubi
1025 902 1241 983 systremmati

97 1003 294 1086 epheborum
315 1002 410 1067 unius
432 1002 662 1086 ›sophronistae
682 1009 717 1068 et
738 1001 833 1069 unius
855 1003 1164 1088 hyposcphronistae
1184 1025 1242 1067 uo-

97 1126 188 1171 men·
209 1104 432 1188 subiungitur,
467 1105 588 1171 docere
613 1105 758 1186 videtum,
793 1128 892 1190 quum
925 1128 1024 1190 supra
1059 1107 1241 1188 viderimus,

98 1210 267 1276 duodecim
289 1207 486 1292 epheborum
508 1215 734 1294 systremmata
754 1211 871 1291 fuisse,
902 1209 1043 1294 singulos
1075 1211 1242 1293 sophroni·

97 1320 256 1380 stascum
268 1311 568 1397 hyposophronistis
591 1314 657 1379 suis
678 1312 764 1381 binis
785 1315 1018 1398 systremmatis
1040 1315 1242 1398 praepositos

97 1419 208 1484 fouisse
253 1415 378 1482 Contra
398 1417 473 1483 Φιλ.
487 1422 523 1481 A
541 1439 573 1502 p.
596 1421 659 1483 384
679 1422 747 1482 u.3
770 1417 896 1484 duobus
915 1420 1150 1502 systremmatis
1165 1438 1244 1502 qua·

98 1521 186 1586 terni
208 1519 432 1604 sophronistae
453 1521 612 1606 adscripti
632 1527 721 1602 sunt,
751 1523 841 1587 cuius
862 1523 988 1588 numeri
1008 1523 1167 1588 rationem
1189 1543 1243 1587 ex·
1301 1565 1304 1571 -

99 1623 211 1709 pedire
231 1645 376 1707 nequeo..
408 1625 492 1690 Nam
513 1646 552 1692 ec
572 1647 671 1707 anno,
694 1631 730 1691 ut
752 1627 980 1710 compensare,
1003 1628 1037 1692 in
1056 1627 1243 1692 universum

102 1748 158 1793 sex
179 1725 402 1810 sophronistas
430 1729 630 1815 totidemque
658 1729 966 1815 hyposcphronistas
987 1731 1086 1795 fuisse
1108 1735 1245 1813 apparet

101 1851 141 1896 ex
165 1829 240 1893 Φιλ.
261 1833 339 1915 l’p
364 1836 429 1896 444
450 1832 505 1916 (cf.
529 1832 725 1900 Cumanudis
747 1838 858 1899 notem
880 1833 975 1898 adh.
998 1834 1081 1918 tit.,)
1113 1855 1152 1904 ex
1175 1835 1244 1916 qui·

101 1934 164 1998 bns
186 1931 264 2000 duo
272 1932 584 2019 hypcsophrouistae
606 1937 673 2002 illic
694 1938 849 2021 postremi
870 1938 957 2003 inter
979 1944 1052 2004 octo
1075 1936 1243 2088 sophroni-

103 2043 173 2102 stas
195 2041 280 2104 sunt.

571 2221 574 2228 ’
629 2217 717 2300 §.a

409 2348 451 2403 De
469 2348 529 2404 aliis
546 2347 708 2418 quibusdum
726 2348 938 2420 magistratibus.

149 2493 152 2496 ’
195 2495 222 2554 l.
265 2488 408 2553 Primum
437 2487 490 2552 hic
512 2487 552 2552 de
579 2489 764 2554 muneribus
798 2487 989 2572 quibusdam
1013 2485 1137 2566 dicam,
1161 2509 1244 2572 quae

105 2599 164 2659 aut
184 2591 313 2658 nominc
335 2596 393 2656 aut
414 2612 450 2655 re
471 2590 748 2675 gymnasiarchiae
770 2591 901 2672 similia,
932 2590 989 2656 sed
1011 2596 1120 2655 tamen
1142 2590 1184 2655 ab
1207 2611 1246 2656 ea

105 2700 255 2762 accurate
276 2692 487 2759 discernenda
508 2697 594 2758 sunt.

191 2795 315 2864 Nomen
336 2779 528 2881 cysterciice
549 2795 678 2860 omnino
708 2794 743 2857 in
764 2791 868 2857 tribus
890 2785 1021 2858 tantum¹
1037 2793 1142 2858 titulis
1162 2791 1246 2859 Atti·

106 2901 152 2966 cis'
182 2900 361 2980 invenitur,
395 2901 451 2983 qui
481 2919 590 2965 omnes
626 2903 701 2982 post
732 2895 890 2961 Hadriani
922 2893 1049 2980 tempus
1080 2899 1247 2980 compositi

107 3007 200 3083 sunt,
224 2999 260 3066 Ο.
282 3000 386 3084 Lar.
412 3006 485 3066 765.
510 3001 585 3066 Φιλ.
609 3005 645 3066 A
665 3022 696 3084 p.
716 3003 788 3064 518.
811 3003 891 3083 Ap.
916 3003 957 3063 74
973 3001 1009 3084 ¹).
1038 2999 1090 3088 ιΙιι
1112 3000 1248 3066 aliarum

107 3110 271 3176 civitatum
293 3111 506 3176 monumentis
528 3129 684 3194 persaepe
705 3107 866 3192 reperitur
896 3107 952 3172 sed
982 3128 1022 3173 ne
1053 3108 1098 3172 ibi
1120 3109 1249 3192 quidem

108 3219 184 3280 ante
204 3215 436 3298 imperatorum
456 3220 618 3298 tempora3
639 3212 725 3278 unde
747 3211 1117 3298 omniadiligentissime
1139 3219 1249 3277 contu·

108 3317 147 3382 lit
168 3316 326 3383 Kreusius
346 3318 372 3383 Ι.
395 3339 427 3401 p.
451 3322 514 3383 205
538 3339 626 3401 sqq.,
656 3316 714 3382 ubi
747 3315 782 3379 id
811 3315 927 3380 statuit
946 3315 1031 3380 inter
1053 3317 1249 3399 gymnasiar-

109 3419 204 3484 ehum
225 3426 259 3484 et
279 3419 484 3503 xystarchum
506 3419 693 3502 discrimen,
725 3425 763 3483 ut
791 3417 881 3482 illum
913 3416 1044 3501 ephebis
1076 3423 1109 3484 et
1129 3421 1250 3502 pueris,

110 3525 195 3589 hune
215 3521 346 3587 athletis
368 3524 552 3589 exercendis
570 3524 791 3608 praepositum
809 3521 908 3587 firisse
926 3521 1023 3587 dieat.
1067 3519 1137 3588 Hoc
1153 3524 1251 3590 etiam

110 3621 154 3694 ad
174 3625 417 3692 Atheniensium
438 3627 589 3694 institute
610 3627 826 3711 pertinuisse,
857 3647 917 3709 pro
948 3633 1036 3692 certo
1067 3627 1195 3710 quidem
1217 3628 1251 3692 in

110 3741 177 3798 tam
199 3732 314 3814 exiguo
334 3733 591 3798 testimoniorum
612 3752 746 3796 numero
776 3730 930 3795 affirmari
959 3731 1091 3815 nequit,
1122 3731 1178 3796 sed
1200 3736 1252 3798 ta-

111 3855 185 3900 men
205 3835 253 3900 ita
274 3834 373 3899 luisse
395 3834 494 3900 verba
519 3833 694 3918 ξυστᾶρχην
717 3832 912 3914 Κεκρόπεσσι
935 3839 990 3896 καὶ
1012 3832 1250 3920 eiulatibus,

112 3959 194 4024 quae
213 3939 249 4004 in
270 3937 415 4018 versibus
438 3937 510 4001 Φιλ.
533 3943 567 4001 A
584 3959 616 4020 p.
640 3941 704 4000 518
724 3936 891 4020 leguntur,
921 3937 1065 4003 indicare
1095 3940 1254 4004 videntur.

113 4041 250 4122 Quodsi
271 4044 319 4108 ita
342 4049 401 4124 est,
425 4042 518 4109 facile
539 4041 739 4126 intelligitur,
762 4063 819 4126 cu13
839 4041 873 4105 iu
885 4041 988 4107 titulis
1004 4064 1086 4126 quae
1101 4042 1142 4108 ad
1158 4042 1254 4127 ephe-

115 4148 370 4230 bcspertineant
393 4149 461 4213 fere
490 4167 655 4232 uunquam
677 4152 954 4214 commemoretur.
999 4146 1086 4212 Alibi
1108 4145 1169 4212 hoc
1183 4168 1251 4234 mu·

184 4355 210 4421 l)
226 4350 298 4406 Nam
316 4355 377 4407 ca
396 4363 417 4408 A
434 4374 462 4425 p.
480 4359 516 4412 86
542 4357 647 4413 Atticus
671 4354 782 4424 quidem
799 4353 894 4409 titulsu
913 4359 969 4423 est,
995 4353 1044 4407 sed
1061 4353 1192 4409 vocabule
1210 4355 1255 4414 ξυ-

112 4440 227 4510 maome
245 4439 273 4492 ir
291 4444 420 4513 Broturlp
437 4442 484 4496 διὰ
502 4447 563 4512 βίον
582 4458 643 4499 eum
662 4451 714 4498 hue
733 4459 788 4496 nou
804 4441 941 4511 pertinere
960 4442 1155 4498 demonstrant.
