2984 5036
225 537 297 583 cum
321 518 586 603 praeceptoribus
609 523 642 584 et
662 515 849 602 praefectis,
878 517 1067 605 plerumque
1096 525 1257 588 cosmetae
1277 522 1370 588 iussu

225 620 276 706 (c.
298 621 324 686 1.
348 620 403 687 er.
427 627 501 688 ara
525 627 598 688 arc.
624 621 697 687 55.
711 626 747 686 A
765 643 797 705 p.
813 625 885 686 aar.
899 627 932 686 a
952 645 983 707 p.
1003 627 1165 710 asasqq.)
1188 625 1369 693 inscribun-
1480 610 1481 662 ³

225 729 293 790 tun:
323 747 550 810 nonnunquam
580 727 677 792 etiam
709 722 825 810 ephebi
853 725 916 808 ipsi
945 731 1003 792 aut
1031 749 1140 796 omnes
1167 750 1234 794 una
1262 751 1298 796 se
1319 729 1368 796 in·
1480 753 1481 814 t

225 827 412 896 scribendos
441 836 556 895 curant
579 829 628 914 (G.
652 828 677 893 I.
701 825 758 892 Gr.
787 831 860 892 264.
885 833 947 894 265
973 829 1046 894 (Dat.
1068 837 1104 897 A
1127 854 1159 916 p.
1184 837 1246 898 522
1277 855 1309 899 5.
1333 835 1368 919 7)

226 936 284 997 aut
306 932 423 1016 singuli
451 939 586 1018 propter
614 931 782 998 victoriam
810 930 956 998 inludis
988 941 1188 1017 reportatam
1219 943 1277 1003 aut
1303 937 1369 1003 alia

226 1035 267 1101 de
306 1056 405 1102 causa
433 1036 648 1102 anathematis
673 1034 756 1100 *loco
789 1035 1038 1103 commilitonum
1066 1045 1099 1105 et
1138 1041 1368 1125 magistrorum

226 1138 409 1224 catalogum
430 1145 555 1224 ponunt
578 1138 628 1224 (C.
651 1137 675 1202 1.
700 1137 756 1202 Gr.
780 1142 858 1203 277.
877 1143 949 1208 282.
971 1141 1040 1227 Ἐφ.
1063 1144 1134 1227 α’ρχ.
1158 1146 1267 1232 3204).
1303 1145 1369 1211 Alii

225 1242 313 1308 tituli
346 1242 431 1309 solos
465 1243 606 1326 ephebos
636 1242 801 1307 continent
834 1244 892 1328 (G.
920 1244 945 1309 1.
976 1245 1032 1311 Gr.
1064 1251 1138 1312 275.
1167 1251 1241 1313 281.
1271 1251 1368 1333 284).

225 1347 378 1415 Nonnulli
400 1347 555 1414 eiusmodi
585 1345 724 1429 catalogi
752 1345 960 1431 imaginibus,
992 1357 1207 1416 cosmetarum
1239 1353 1369 1436 potissi-

148 1442 154 1454 ’
225 1474 330 1535 mum,
363 1452 536 1536 subscripti
572 1455 662 1532 sunt,
697 1449 746 1534 (G.
768 1450 792 1515 1.
817 1449 872 1515 Gr.
897 1455 971 1516 268.
994 1457 1058 1519 270
1087 1451 1159 1520 cat.
1181 1458 1217 1518 A
1236 1475 1268 1539 p.
1293 1461 1367 1521 518.

227 1557 304 1642 522)
327 1557 383 1624 5111
405 1557 504 1622 scutis
528 1553 677 1621 rotundis
698 1553 833 1637 lapideis
854 1553 964 1638 incisi,
988 1557 1038 1641 (O.
1061 1557 1086 1622 1.
1109 1556 1166 1622 Gr.
1189 1562 1263 1623 284.
1286 1562 1368 1643 App.
1434 1613 1440 1618 .

225 1661 280 1744 ἐφ.
301 1683 372 1744 περ.
393 1665 426 1724 Β
447 1657 499 1745 ἄρ.
521 1659 596 1743 107)
619 1678 714 1741 quem
740 1678 862 1722 morem
883 1659 982 1724 etiam
1004 1682 1044 1726 ex
1070 1662 1165 1728 titulo
1187 1663 1289 1748 Rang.
1303 1667 1367 1728 675

210 1763 403 1852 Ι((1.1(15.
430 1765 506 1848 108)
541 1762 765 1846 cognovimus,
799 1760 856 1826 ubi
888 1761 1007 1828 dicitur
1035 1762 1216 1850 »ἀνέθηκεν
1247 1765 1284 1830 δὲ
1314 1771 1369 1830 καὶ

226 1867 314 1932 ὅπλα
344 1867 424 1932 draci
438 1871 508 1940 ,aul
538 1865 726 1952 ἀνέγραψεν
746 1865 819 1939 andr
846 1872 1049 1951 νενικηκότας
1077 1875 1159 1934 etc«
1203 1870 1370 1938 Accedunt

227 1973 365 2057 catalogi
387 1995 506 2053 eorum,
530 1971 586 2054 qui
607 1971 641 2034 in
660 1967 745 2034 ludis
768 1969 963 2036 solemnibus
979 1973 1141 2039 vicerunt:
1163 1972 1253 2039 cuius
1274 1995 1370 2074 gene·

226 2079 271 2144 ris
304 2078 450 2161 inprimis
481 2077 544 2142 duo
574 2096 657 2160 quae
687 2074 729 2139 ad
759 2073 875 2138 Thesei
910 2095 1003 2140 sacra
1033 2076 1197 2160 pertinent
1225 2077 1317 2163 (aaa.
1337 2084 1371 2142 B

102 2195 105 2200 '
227 2203 258 2266 p.
285 2185 356 2246 132.
381 2183 410 2243 Γ
426 2203 457 2265 p.
485 2182 561 2265 150)
581 2179 690 2261 magni
712 2178 865 2243 momenti
887 2165 971 2244 surit.

239 2341 245 2346 .
314 2289 343 2349 3.
387 2287 535 2351 Minores
567 2284 654 2350 varii
686 2283 813 2380 perceris
848 2284 945 2349 titali.
1005 2285 1155 2368 inprimis
1190 2286 1243 2353 hic
1283 2309 1368 2354 com·

228 2388 452 2454 memorandae
485 2393 561 2454 sunt
589 2385 769 2470 permultae
794 2385 970 2470 imaginum
996 2387 1267 2473 subscriptiones,
1300 2411 1369 2459 cos·

191 2531 192 2536 .
227 2499 385 2559 metarum
406 2493 608 2577 potissimum
630 2490 679 2578 (O.
701 2491 726 2555 Ι.
750 2489 806 2555 Gr.
828 2494 901 2556 258.
927 2491 1001 2555 cat.
1015 2498 1051 2556 A
1069 2515 1101 2578 p.
1118 2498 1191 2560 516.
1215 2499 1277 2560 522
1300 2495 1369 2582 51.)

228 2598 321 2677 Quod
342 2599 459 2663 mirum
479 2595 638 2675 nouerit,
663 2595 691 2659 si
713 2596 922 2677 reputaveris,
946 2597 1118 2681 quotannis
1142 2618 1250 2664 omues
1273 2599 1368 2683 ephe·

226 2703 286 2769 hos
321 2708 482 2768 cosmetae
514 2703 656 2765 statuam
687 2698 848 2782 posuisse,
882 2706 920 2767 ut
951 2702 1121 2786 plebiscita
1152 2702 1211 2768 illa
1242 2703 1368 2786 docent,

226 2812 396 2891 praeterea
416 2826 492 2877 veru
519 2823 676 2888 persaepe
704 2803 802 2868 etiam
824 2824 845 2868 a
871 2805 1004 2889 singuiis
1033 2807 1166 2890 ephebis
1188 2807 1238 2895 (0.
1260 2810 1286 2875 Ι.
1310 2809 1367 2875 Gr.

228 2915 301 2976 261.
325 2915 405 2992 270;
433 2908 579 2992 inprimis
608 2907 707 2972 moris
736 2907 836 2973 luisse
853 2907 996 2992 videtur,
1026 2917 1064 2976 ut
1083 2913 1186 2996 ipsius
1208 2920 1369 2980 cosmetae

173 3056 175 3063 ι
226 3015 284 3082 11111
305 3015 409 3100 patris
432 3019 574 3079 statuam
595 3017 761 3096 ponerent.
797 3011 870 3076 aar.
892 3018 928 3076 A
946 3035 977 3098 p.
1002 3019 1066 3079 428
1088 3037 1118 3080 5.
1142 3020 1173 3080 2.
1198 3019 1261 3082 518
1282 3039 1314 3082 5.
1333 3015 1370 3105 6)
1487 2991 1488 3002 ³

226 3113 439 3188 cosmetarum
460 3119 614 3204 imagines
637 3113 761 3184 erectas
784 3139 864 3184 esse.
909 3117 1058 3183 Ceterum
1080 3118 1177 3184 etiam
1207 3120 1369 3204 paedotri-

225 3226 288 3292 bae
312 3224 409 3313 (0.1.
434 3223 490 3290 Gr.
514 3224 591 3312 262)
615 3231 648 3290 et
672 3223 826 3309 principis
856 3221 1053 3306 epheborum
1076 3220 1164 3310 (Φιλ.
1185 3227 1221 3285 A
1239 3244 1270 3306 p.
1295 3227 1369 3289 381.

160 3367 177 3377 -ι
228 3329 305 3417 382)
334 3329 488 3413 imagines
517 3328 738 3413 ponebantur,
772 3347 910 3411 quarum
942 3326 1192 3410 subscriptiones
1221 3333 1369 3395 servatae

212 3419 312 3499 ‘sunt
363 3433 530 3517 Plerisque
559 3453 635 3499 vero
666 3431 822 3497 eiusmodi
848 3429 1041 3515 imaginibus
1071 3429 1220 3496 versiculi
1249 3431 1369 3498 heroici

228 3545 285 3603 aut
317 3537 451 3622 elegiaci
487 3534 663 3619 subscripti
694 3541 778 3619 sunt.
833 3535 935 3600 Porro
973 3556 1185 3603 commemoro
1232 3537 1369 3604 aliorum

227 3633 483 3723 anathematum,
506 3639 653 3723 inprimis
676 3636 718 3704 ab
742 3638 788 3703 eis
811 3638 867 3722 qui
888 3637 1042 3702 honorem
1063 3638 1204 3723 aliquem
1221 3646 1279 3706 aut
1305 3641 1368 3708 vic·

226 3745 344 3810 teriam
372 3746 483 3830 adepti
511 3749 606 3811 eraut
638 3743 858 3812 dedicatorum
890 3739 1142 3825 subscriptiones
1173 3742 1224 3832 (0.
1254 3744 1279 3809 1.
1310 3743 1367 3810 Gr.

226 3853 299 3914 243.
323 3853 396 3914 248.
421 3854 495 3914 250.
513 3839 594 3914 251.
619 3853 692 3914 271.
719 3846 792 3910 dal.
816 3851 849 3912 B
869 3866 901 3931 p.
928 3845 1015 3932 187).
1366 3931 1371 3944 ι

311 3953 456 4038 Denique
478 3955 576 4020 etiam
605 3955 694 4020 tituli
714 3952 861 4020 nonnulli
889 3949 1085 4035 sepulcrales
1111 3946 1174 4014 huc
1193 3948 1367 4032 pertinent,

224 4060 313 4124 velut
335 4055 368 4122 Ο.
389 4056 414 4121 Ι.
439 4056 494 4122 Gr.
519 4061 592 4124 249.
614 4060 677 4122 425
701 4057 914 4142 epheborum,
932 4053 1002 4138 Ἒφ.
1024 4051 1095 4138 dcx.
1117 4074 1149 4117 5.
1174 4055 1259 4118 3298
1281 4053 1369 4120 Aba·

225 4163 328 4230 scauti
348 4161 568 4246 paedotribae.

310 4266 370 4332 His
392 4265 577 4351 praemissis
599 4267 664 4332 iam
687 4264 728 4331 ad
761 4265 865 4349 ipsam
893 4283 962 4330 rem
990 4253 1149 4328 a'ccedam.
1195 4259 1299 4338 Quam
1318 4261 1368 4326 ita

225 4369 391 4453 tractabo,
424 4377 461 4438 ut
489 4369 627 4454 primum
660 4390 712 4436 res
743 4369 955 4454 epheborum,
992 4363 1104 4451 quales
1133 4363 1263 4432 fuerunt
1292 4369 1367 4431 aute
