2984 5036
651 318 693 380 63

186 489 371 556 Praemia
391 486 468 551 item
489 485 673 552 istiusmodi
701 507 825 570 pugnas
847 507 919 552 oum
941 487 1044 552 tauns
1066 486 1243 553 committe·

89 589 181 654 bant
216 591 332 674 ephebi
352 592 386 656 in
416 591 527 658 ecdem
558 590 680 674 templo
710 589 876 656 Eleusinio
901 591 954 675 (3,
979 593 1029 656 28.
1055 594 1093 669 2,
1117 595 1146 654 9.
1173 588 1243 671 Ἐφ.

91 697 187 758 4041
211 715 240 760 v.
266 697 327 777 16).

191 800 220 860 3.
264 797 312 864 De
338 799 563 880 Occtoptoras
593 798 802 884 intelligenda
823 801 897 862 sunt
927 816 1010 880 quae
1039 795 1189 878 leguntur
1209 796 1244 860 in

94 896 209 964 titulis
243 900 436 984 quibusdam
451 901 480 989 ⁹)
509 905 723 987 συνεξήχαχαν
755 900 791 963 δὲ
821 899 876 982 τὴν
898 897 1061 962 Παλλάδα
1085 897 1242 982 Φαληροῖ,

93 1000 259 1068 κάκετθεν
285 1003 390 1070 πάλιν
420 1012 647 1094 συνεισήχαχαν
675 1006 753 1090 μετά
785 1000 890 1087 φωτὸς
916 1001 994 1084 μετὰ
1018 1001 1122 1085 πάσης
1151 1001 1243 1066 εὐκο-

94 1108 206 1184 σμίας.
248 1107 333 1174 Nam
354 1107 416 1175 hoc
437 1110 489 1176 die
510 1132 662 1196 pompam
684 1131 718 1178 a.
735 1107 857 1191 templo
876 1105 995 1172 Bacchi
1022 1107 1057 1172 in
1077 1106 1158 1176 urbe
1180 1108 1243 1172 sito

95 1209 141 1274 ad
163 1210 277 1278 fanum
297 1211 460 1289 Minervae
482 1213 808 1281 SciradisPhalerum
824 1211 995 1280 deductam
1016 1210 1242 1289 essesoimus3

98 1333 141 1377 ex
164 1315 286 1382 nostris
309 1316 413 1383 titulis
434 1323 603 1400 praeterea
624 1319 779 1397 videmus,
801 1316 900 1384 etiam
920 1313 1021 1397 ipsius
1045 1312 1125 1378 deae
1147 1315 1244 1378 simu·

94 1415 225 1482 lacrum
247 1438 285 1482 eo
314 1418 455 1485 delutum
482 1425 516 1486 et
545 1423 645 1488 sacris
675 1421 816 1508 peractis
844 1422 942 1483 noctu
970 1436 1042 1482 oum
1069 1415 1243 1482 luminibus

97 1517 246 1585 Athenas
268 1527 469 1604 reportatum
492 1544 577 1606 esse3
610 1525 645 1590 in
667 1523 762 1590 titulo
788 1522 994 1603 ascriptum
1023 1523 1073 1582 est
1095 1521 1196 1594 συνεξ.
1218 1543 1243 1580 τ.

99 1626 144 1683 ll.
166 1622 245 1703 μετά
265 1628 329 1686 τῶν
348 1632 524 1711 χαναηταῑνε
551 1629 667 1713 quibus
689 1647 773 1713 quae
794 1627 892 1693 fuerit
914 1644 987 1690 oum
1008 1621 1063 1688 illo
1084 1623 1166 1688 festo
1189 1644 1242 1688 ne-

99 1724 281 1806 cessitudo,
310 1728 471 1810 explicare
498 1753 631 1817 nequeo.
675 1731 713 1796 Iu
744 1730 825 1812 ipsis
854 1747 929 1792 vero
951 1724 1243 1808 Oschophoriorum

99 1827 224 1906 sacris,
254 1828 288 1894 id
311 1831 396 1914 quod
418 1833 452 1898 in
481 1835 585 1900 titulis
607 1853 672 1899 non
701 1835 989 1908 commemoratur,
1020 1830 1119 1894 stiam
1147 1852 1243 1896 cursu

100 1930 271 1996 certabant
304 1934 418 2018 ephebi
451 1939 647 2024 singularum
669 1938 834 2016 tribuum,
858 1934 1035 2018 exquibus
1064 1937 1166 2008 victor
1185 1959 1241 2020 po·

100 2031 208 2098 culum
247 2057 318 2102 cum
354 2045 435 2123 potu
468 2062 507 2107 ex
538 2043 611 2108 vino
644 2043 714 2112 oleo
748 2039 841 2106 melle
877 2058 971 2104 caseo
1004 2038 1109 2106 farina
1140 2041 1242 2107 mixto

101 2136 313 2224 (masnata)
335 2145 478 2224 praemio
500 2146 680 2230 accipiebat
701 2145 816 2230 (Maior
830 2143 913 2228 Allg.
937 2143 1065 2228 Encycl.
1090 2142 1173 2222 Sect.
1195 2144 1242 2210 III

77 2237 164 2327 .V⁰¹·
188 2245 207 2303 6
229 2262 261 2325 p.
285 2247 369 2326 250).

188 2347 217 2407 4.
259 2345 329 2410 Iam
350 2348 414 2415 duo
436 2359 614 2436 sequuntur
635 2356 669 2420 in
697 2354 803 2422 titulis
823 2353 942 2420 Bacchi
963 2374 1073 2433 sacra,
1105 2372 1242 2435 quorum

102 2444 143 2510 ds
165 2445 280 2530 altero,
300 2449 435 2536 Pisaeis,
457 2477 531 2522 mox
545 2458 697 2539 dicemus,
720 2457 857 2523 aiterum
879 2477 954 2522 vero
973 2456 1081 2542 (inser.
1105 2459 1124 2520 2
1147 2476 1176 2519 v.
1192 2459 1241 2520 13.

104 2553 133 2628 3,
160 2554 207 2614 17·
227 2547 297 2635 Ἕῲ·
319 2554 395 2639 α’ρχ.
418 2562 514 2641 4041,
541 2564 593 2646 11)
615 2562 685 2628 solo
707 2560 836 2628 nomios
856 2559 1011 2625 Διονύσια
1033 2557 1241 2642 significetur.

105 2651 194 2731 Quae
215 2657 288 2738 ipsa
309 2680 362 2726 res
385 2660 607 2730 demonstrare
628 2666 708 2730 mibi
729 2664 867 2744 videtur,
890 2663 951 2730 hoc
973 2683 1090 2730 nomen
1108 2663 1242 2747 propria

102 2758 134 2822 vi
156 2763 189 2823 et
210 2762 303 2843 quasi
325 2766 393 2828 κατ’
413 2767 528 2852 ἐξοχὴν
549 2770 793 2855 intelligendum
827 2789 897 2834 esse
919 2769 961 2834 de
983 2767 1152 2850 Dionysias
1173 2786 1240 2836 ma·

101 2863 187 2943 ymb,
210 2868 402 2944 pracsertim
435 2891 534 2954 quum
567 2880 749 2958 opponatur
772 2874 962 2939 Piraecrum
990 2870 1129 2950 nomini,
1159 2888 1241 2952 quae

103 2969 217 3044 tanen,
239 2967 267 3030 si
290 2968 405 3035 latiore
428 2974 659 3056 significatione
672 2975 832 3060 intelligas
854 2976 889 3039 id
907 2995 1037 3056 nomen,
1057 2974 1130 3057 ipsa
1143 2973 1241 3038 stiam

103 3066 256 3152 Dionysia
278 3078 362 3137 sunt.
410 3073 490 3140 Cum
511 3097 578 3160 qua
598 3099 635 3142 re
657 3079 739 3146 bens
763 3079 934 3146 concinunt
956 3098 1040 3162 quae
1061 3077 1102 3141 de
1123 3093 1241 3159 pompa

104 3171 254 3238 dicuntur
283 3174 316 3240 in
346 3177 450 3244 titulis
478 3180 672 3264 „slcsjrorov
702 3184 739 3249 δὲ
768 3187 823 3246 καὶ
844 3185 900 3246 τάν
921 3183 1078 3248 Διόνυσον
1100 3177 1167 3241 άπὸ
1189 3178 1242 3259 τῆς

103 3277 238 3361 ἐσχάρας
258 3280 304 3354 εἰς
322 3280 356 3346 τά
381 3285 526 3365 θεάτρων
550 3285 628 3365 μετά
656 3288 798 3370 φαιός.“
837 3288 920 3354 Nam
941 3283 1119 3350 Pausanias
1140 3280 1165 3360 I,
1188 3283 1239 3360 29,

105 3384 123 3443 2
146 3381 256 3448 sedem
278 3385 445 3469 uunquam
474 3392 509 3452 et
529 3407 668 3469 parvam.
691 3392 725 3456 in
748 3390 913 3458 Ceramico
945 3390 1043 3453 sitam
1077 3382 1240 3463 describit,

103 3484 137 3548 iu
157 3498 257 3568 quam¹
273 3490 446 3571 quotannis
476 3488 619 3556 delatum
651 3493 694 3558 sit
716 3493 836 3561 Bacchi
857 3489 1097 3558 Eleutherensis
1123 3488 1240 3569 imago.

103 3585 153 3652 Ibi
181 3588 249 3654 siue
272 3589 375 3657 dubio
402 3597 484 3660 erat.
505 3592 563 3660 illa
584 3593 724 3680 ἐσχάρα,
759 3618 857 3681 qoam
885 3596 983 3660 etiam
1005 3590 1178 3676 Alciphnon
1197 3589 1238 3668 11,

106 3695 134 3771 3,
159 3694 196 3756 16
220 3701 446 3764 commemorat
463 3697 513 3782 ¹⁰).
558 3697 704 3781 Apparet
723 3700 823 3784 igitur
843 3720 908 3766 non
927 3698 969 3764 de
992 3695 1101 3762 eadem
1123 3713 1241 3778 pompa

105 3839 371 3856 “mv-”uun-

170 3917 356 3983 9iAb11¹⁸⁰b
375 3921 391 3973 3
415 3924 445 3974 Θῡ
462 3918 522 3988 ’Em
541 3917 605 3992 ἆρχ·
624 3927 695 3982 4041
716 3925 823 3981 absunt.
865 3926 936 3980 Nom
959 3925 990 3978 in
1014 3923 1066 3976 hoc
1090 3920 1239 3990 posteriore

103 4003 209 4073 quidem
225 4006 307 4064 titulo
335 4021 404 4078 quae
422 4006 528 4062 Gtmtius
545 4008 566 4063 l.
583 4010 602 4064 1.
620 4029 647 4080 p.
668 4015 722 4068 336
746 4014 782 4068 sd
800 4012 986 4082 Oscbopboria
1008 4010 1145 4080 pertinere
1169 4007 1239 4061 dixit

104 4099 137 4156 tv·
157 4092 198 4158 ll)
217 4092 319 4164 ὁμοίως
337 4093 366 4149 a
390 4095 438 4148 aas*
454 4099 508 4156 soie
525 4102 690 4163 Acantion,
716 4118 749 4158 ea
766 4102 863 4156 ceteris
890 4101 976 4158 titolis
994 4097 1100 4153 collatis
1124 4111 1176 4166 ego
1203 4095 1239 4148 ad

104 4196 200 4249 magna
217 4181 345 4251 Dionysia
361 4184 452 4255 potius
471 4185 570 4241 refero.

173 4266 217 4336 10)
235 4268 306 4323 Nam
323 4287 394 4327 nunc
413 4274 521 4341 quidem
541 4276 674 4346 scriptura
695 4259 798 4332 sir'in'
816 4277 935 4348 ἐσχάρας
951 4277 1081 4330 Διόνυσον
1097 4268 1239 4324 titulorum
1298 4275 1301 4278 ’

103 4355 382 4413 tamosissimam
399 4361 558 4418 confirmsta
575 4379 642 4436 esse,
658 4382 710 4434 pro
726 4383 780 4437 qus
797 4371 876 4422 acute
892 4363 1042 4419 Meinekins
1061 4360 1177 4416 coniecit
1195 4359 1240 4411 τὸν

103 4444 139 4498 br'
157 4445 297 4514 ἐσχατιαῖς,
314 4445 447 4519 Kayserus
464 4449 510 4504 τῦν
527 4450 690 4526 Ἑλεαθερὲα.
