2984 5036
701 253 740 314 73

138 418 230 484 Aelio
251 418 416 486 Hadriano
437 418 591 486 archonte
613 418 817 502 compositus,
850 417 906 486 ubi
928 417 1009 484 baec
1029 437 1123 484 sacra
1144 438 1280 483 comme·

137 528 317 589 morantur.
361 523 442 590 Item
472 530 680 590 recensentur
705 521 777 586 ott.
799 525 834 586 A
866 543 898 607 p.
923 527 1003 601 384,
1035 543 1130 605 quem
1149 521 1281 588 titulum

136 625 313 693 Abascanti
334 627 545 712 paedotribae
566 647 683 694 nomen
702 625 751 712 (Π
773 628 801 712 3.
826 626 860 711 3)
883 626 1118 694 Antoninorum
1140 625 1279 709 tempori

134 725 286 812 ¹uindicat,
309 736 343 796 et
362 737 397 795 Β
416 754 448 815 p.
463 737 537 814 428,
559 751 656 815 quem
677 729 789 798 codem
809 729 878 796 fera
899 735 1045 815 tempore
1065 731 1278 813 compositum

135 852 208 898 esse
229 832 327 917 paulo
357 854 458 917 supra
479 833 706 900 demonstravi.
752 834 858 912 Quum
877 833 978 916 igitur
1006 836 1081 917 3331
1103 831 1279 899 Traianum

134 935 286 1002 instituta
307 956 379 1003 esse
400 943 580 1021 nequeant
612 938 751 1006 fortasse
773 937 818 1004 de.
836 939 967 1020 331333
985 936 1196 1053 cogitandum
1216 939 1276 1017 est,

135 1039 254 1123 quippe
274 1039 333 1124 qui
355 1039 538 1108 Germanici
560 1042 749 1126 cognomine
776 1051 854 1108 usus
877 1041 920 1108 sit
941 1040 1096 1122 cuiusque
1117 1039 1151 1104 in
1173 1038 1277 1104 hono-

132 1163 201 1209 rem
229 1143 328 1208 etiam
349 1143 445 1228 Argis
475 1165 570 1212 sacra
592 1146 827 1237 [3333333133
856 1144 985 1212 nomine
1016 1143 1105 1210 lacta
1136 1143 1201 1210 sint
1224 1141 1280 1226 (O.

131 1244 237 1314 1..er
264 1247 372 1332 1133)
584 1284 587 1304 .

220 1355 250 1416 2.
289 1348 462 1437 Ἀδριάνια
492 1350 582 1437 (Ost
608 1351 629 1416 1.
660 1351 682 1418 1.
696 1355 744 1416 A
771 1372 804 1436 p
828 1349 971 1422 88431..
1001 1348 1089 1420 (1.1.
1115 1348 1279 1416 (13246.

133 1459 209 1523 333
231 1457 320 1539 acc)

217 1565 248 1627 3.
291 1559 475 1626 'Accedam
504 1557 646 1642 duplicia
676 1563 786 1640 erant,
818 1559 855 1624 du
886 1560 973 1628 ἄστει
1005 1558 1066 1644 (113
1086 1515 1186 1625 etiam
1204 1554 1273 1640 ’.Εφ

129 1661 1112 1752 ἅρχ.3.·2601)3113111333(Φ31.1.1.(1.Ι.(11.248
1136 1660 1272 1738 28331.)

128 1767 245 1834 Vident
231 1774 285 1834 tur
306 1767 387 1842 hacc
407 1790 503 1838 sacra
523 1769 669 1853 inprimis
692 1769 892 1854 epheborum
907 1768 1043 1852 propria
1062 1766 1172 1846 131333,
1195 1766 1273 1848 3313

127 1871 289 1938 Antinous
317 1873 393 1957 ipse
421 1873 610 1958 cognomine
631 1871 752 1958 ἔφηβος
780 1871 967 1954 colebatur,
990 1871 1087 1942 ,33133
1121 1869 1271 1934 sacerdos

126 1983 301 2063 sempera
328 1983 461 2048 numero
492 1979 690 2064 epheborum
717 1975 924 2065 1311313333
947 1976 1117 2046 Ἀντινόου
1143 1974 1269 2060 ἐφήβου

127 2081 203 2147 (Del.
222 2088 258 2148 A
277 2105 310 2168 p.
333 2089 408 2151 479.
429 2117 476 2136 —-··
502 2085 582 2152 ibid.
605 2107 638 2168 ps
663 2089 726 2152 381
754 2087 785 2148 Γ
801 2107 833 2168 p.
858 2088 938 2165 444,
968 2083 1026 2150 ubi
1052 2080 1148 2148 313131
1181 2081 1269 2146 utrc-
1330 2071 1332 2076 ’

125 2178 263 2270 rumque
283 2189 517 2256 Antinoiiorum
547 2190 845 2274 3333313313331).
891 2187 1078 2272 Agebantur
1105 2205 1183 2252 vero
1205 2186 1269 2251 An·

123 2289 236 2357 tincta
257 2292 355 2357 etiam
376 2293 473 2376 Argis
494 2297 528 2358 31
549 2292 733 2358 Mantineae
756 2291 805 2378 (G.
827 2292 853 2356 l.
877 2291 933 2357 Gr.
958 2291 1065 2375 1124).
1107 2332 1109 2354 2
1223 2347 1225 2352 .
1255 2303 1258 2344 ῖ

209 2399 240 2460 4.
280 2392 470 2462 ’Aedesa
513 2397 606 2464 Hanc
625 2398 763 2464 nominis
784 2396 921 2463 formam
936 2405 1046 2464 omnes
1068 2393 1157 2462 tituli
1173 2413 1266 2476 prae·

122 2495 219 2580 bent3
240 2519 358 2582 ,33333
391 2501 491 2566 etiam
525 2499 610 2566 31,
636 2499 691 2566 Gr.
716 2494 779 2564 248
810 2499 906 2568 133113
936 2496 1135 2572 tesaurum,
1169 2517 1266 2582 quam

119 2601 302 2670 Boeclrhius
325 2623 342 2668 e
365 2602 506 2672 Grutero
528 2605 632 2686 effert,
656 2625 730 2672 rere
752 2605 787 2670 in
807 2603 915 2688 lapide
935 2603 1045 2684 fuisse,
1069 2623 1167 2686 quam
1187 2619 1264 2666 uero

119 2707 158 2772 Β.
182 2709 252 2792 1333
270 2711 409 2793 recepit,
427 2705 641 2781 ’Arrectum
663 2713 868 2778 coniecturae
890 2711 1079 2778 3111313333
1100 2709 1264 2793 prioribus

118 2812 299 2880 editoribus
319 2814 431 2880 deberi
452 2815 611 2882 rideatur.
657 2817 789 2897 Tamen,
817 2816 852 2882 id
874 2816 1009 2883 dubium
1030 2837 1095 2881 non
1113 2820 1181 2890 331,
1203 2813 1269 2882 hoo

118 2917 298 2984 memorab
317 2915 514 2994 Ἀντωνῖνος
531 2921 741 2987 derivandum
763 2921 976 3004 3333313333
998 2922 1082 2988 33133
1096 2913 1263 2989 contracta

117 3021 298 3105 explicatur
320 3023 450 3108 exlege
470 3023 528 3090 illa
549 3023 707 3100 latissime
729 3031 861 3111 patente
894 3026 1023 3110 linguae
1046 3025 1203 3114 (1333333,
1223 3035 1276 3090 ex*

117 3145 183 3209 qua
204 3125 330 3210 syllaba
351 3128 463 3194 eadem
485 3129 537 3195 bie
565 3131 706 3214 repetita
729 3133 890 3214 quantum
906 3131 979 3196 fieri
999 3135 1114 3215 331331,
1129 3130 1269 3196 vitatur..

116 3230 200 3295 Nam
222 3239 239 3298 ῑ
257 3237 290 3296 31
311 3254 340 3294 ει
362 3231 418 3298 1113
440 3237 585 3318 tempore
608 3235 742 3300 eandem
770 3235 915 3300 vocalem
941 3234 1040 3298 131333
1058 3233 1117 3317 331
1137 3232 1195 3298 vel.
1212 3253 1261 3298 33-

115 3332 177 3396 mol
200 3334 511 3418 inspexerittitulos
532 3343 713 3420 cognoscet.
757 3337 875 3402 Utrum
896 3337 1165 3403 vero'Antoninus
1183 3337 1259 3403 Pius

116 3457 160 3502 33
189 3435 232 3500 Μ.
255 3437 404 3504 Aurelius
431 3440 490 3520 sit,
524 3440 576 3505 cui
605 3440 686 3507 haec
718 3463 812 3506 sacra
842 3441 986 3524 fiebant„
1014 3463 1100 3507 nunc
1128 3442 1258 3526 quidam

115 3539 287 3606 diiudicari
302 3545 380 3608 'non
411 3548 529 3626 potest.
560 3544 631 3610 'De
657 3545 762 3611 literis
783 3545 906 3629 33333,
944 3545 1179 3630 3333113113
1202 3546 1258 3610 ad.

113 3643 235 3710 duntur
255 3642 331 3709 buio
349 3645 480 3727 nomini,
502 3667 569 3713 333
580 3647 685 3714 babeo
708 3650 786 3732 quid
808 3650 911 3716 dicam
924 3646 1155 3734 *praeterquam
1171 3650 1257 3733 quod

113 3769 153 3814 oa
174 3747 408 3814 accuratiorem
429 3748 516 3815 illius
536 3751 613 3816 festi
634 3753 853 3820 definitionem
875 3753 1154 3839 praepositione
1137 3758 1192 3820 331
1204 3775 1255 3820 ex·
1269 3765 1271 3772 ’

113 3859 259 3936 pressam
281 3852 447 3920 continere
469 3859 618 3938 apertum
641 3862 702 3922 est.
1236 3885 1240 3890 ’

198 3957 439 4040 blittrudem
470 3957 506 4024 C.
528 3961 554 4025 I.
583 3961 648 4026 Gr:
644 3967 739 4027 248.
762 3967 836 4028 249.
873 3961 946 4030 ou.
979 3965 1065 4048 Pp
1090 3967 1163 4027 217.
1184 3960 1253 4044 ’Ep

115 4058 217 4228 α’ρχ.6
212 4064 308 4125 2601.

198 4169 228 4228 6.
274 4166 430 4251 Σεβήρεια
463 4168 546 4234 (1.1.
570 4168 627 4236 Gr.
655 4175 717 4234 248
750 4169 823 4238 urst.
852 4175 882 4234 Γ
899 4195 931 4256 p.
955 4161 1040 4254 277;
1067 4167 1245 4254 μεγαλα
1216 4213 1254 4234 a.

93 4270 261 4336 'dicuntur
279 4268 347 4354 Ἐφ.
370 4271 441 4372 dep.
465 4278 561 4343 2831.
607 4275 700 4354 Quod
732 4276 872 4344 fortasse
905 4276 1053 4344 similiter
1088 4281 1188 4360 atque
1218 4277 1252 4342 iu

110 4374 346 4460 antiquioribus
367 4376 562 4458 quibusdam
586 4383 685 4446 sacris
708 4381 830 4448 indicat
852 4403 979 4468 semper
1000 4387 1088 4448 certo
1110 4381 1251 4465 quodam
1365 4418 1367 4423 ·
