2984 5036
810 287 849 347 36

256 455 400 520 lerentur
421 475 458 520 ea
480 455 608 522 videtur
629 454 869 535 misserrima,
900 455 988 538 quod
1016 477 1177 524 armorum
1200 459 1401 524 consuetudo

256 565 290 624 et
312 560 500 626 exercitatio
522 559 556 624 in
574 559 647 625 dies·
666 559 768 642 magis
789 575 1027 642 supervacanea
1056 566 1090 626 ct
1110 561 1251 628 molesta
1272 562 1403 630 videba-

255 669 330 743 tur3
366 683 483 730 novum
511 683 587 732 vero
619 649 774 747 treicium
802 682 936 745 nomen,
966 681 1151 748 quanquam
1179 665 1404 748 frequentissi-

256 788 342 832 mum
366 771 417 832 est
439 767 473 830 iu
493 766 791 849 inscriptionibus„
813 772 922 832 tamen
939 767 1031 852 quid
1059 768 1219 838 sibinelit
1242 791 1405 854 nusquam

256 873 427 938 iudicatur.
474 871 581 950 Quare
602 869 818 937 coniecturam
842 871 909 936 veri
933 870 1070 946 fortuma
1096 871 1184 936 haud
1212 871 1406 942 dissimilem

258 999 439 1062 proponere
471 977 591 1044 licebit.
647 975 776 1042 Scilicet
808 977 944 1044 vidimus
973 998 1073 1060 supra
1102 984 1280 1046 cosmetem
1306 983 1407 1048 etiam

258 1093 410 1165 pompas,
434 1079 655 1164 expeditiones
677 1079 834 1146 militares
855 1080 983 1165 aliaque
1005 1081 1125 1148 itinera
1145 1082 1234 1165 ipsos
1258 1083 1408 1167 duxisse;

258 1189 355 1270 quam
377 1205 487 1250 eurem
509 1205 607 1266 qumn
630 1183 710 1250 satis
731 1183 868 1250 molesta
900 1190 985 1256 esset
1014 1183 1152 1252 fortasse
1173 1185 1297 1254 homini
1320 1189 1407 1272 ipso·

257 1309 329 1354 rum
352 1286 485 1370 imperio
508 1286 637 1352 subdito
660 1285 888 1368 tradiderunt,
922 1289 977 1370 qui
1008 1287 1084 1355 inde
1106 1288 1407 1372 duxepheborum,

257 1391 382 1478 ἧγεμών
403 1391 589 1456 vocabatur.

344 1495 467 1560 Eodem
489 1493 556 1559 lere
584 1500 730 1576 tempore
742 1493 790 1579 ⁴),
823 1499 860 1558 ut
891 1501 1070 1578 cosmetae,
1102 1497 1150 1562 ita
1178 1498 1304 1566 scribae
1328 1523 1407 1584 quo-

258 1620 320 1682 que
342 1604 388 1666 et,
403 1594 613 1679 paedotribae
642 1594 808 1664 adiutores
838 1595 942 1662 additi
978 1605 1071 1680 sunt,
1108 1619 1246 1683 quorum
1274 1605 1409 1672 nomina

258 1721 414 1787 persaepe
436 1699 470 1764 in
491 1699 597 1764 titulis
624 1699 830 1767 inveniuntur
862 1699 1146 1786 (taonordosqtllqr
1176 1708 1209 1771 et
1234 1703 1408 1790 ὑπογραμ-

257 1801 464 1889 persciscat.
487 1807 521 1869 A
541 1823 572 1886 p.
598 1806 670 1866 357.
695 1805 758 1866 520
781 1806 813 1864 Β
846 1824 877 1886 p.
901 1808 965 1867 430
989 1807 1019 1868 Γ
1043 1827 1075 1888 p.
1100 1809 1173 1874 277.
1196 1811 1276 1888 444,
1312 1831 1407 1892 prae-

258 1917 351 1976 terea·
370 1905 528 1972 ὑποπαιδ.
553 1907 640 1972 solus
664 1904 699 1970 Ο.
722 1905 746 1969 Ι.
770 1899 832 1971 Gr.
864 1911 937 1970 955.
970 1912 1043 1972 965.
1070 1913 1143 1973 979.
1194 1909 1408 1980 Memorabile

261 2011 432 2095 estquod
457 2009 531 2072 Φιλ.
554 2015 588 2072 A
608 2030 641 2091 p.
666 2012 729 2072 384
751 2031 780 2073 r.
803 2013 843 2074 91
867 2009 1139 2094 dvrryqoppcrstc
1168 2014 1324 2098 scriptum
1349 2024 1408 2097 est,

261 2116 373 2182 eadem
394 2133 494 2199 quam,
513 2114 548 2181 iu
578 2113 808 2180 autieoametae
838 2115 965 2180 nomine
994 2115 1131 2184 vidimus
1161 2117 1406 2205 inconstantia).

262 2219 324 2298 Qui
344 2219 494 2284 videntur
516 2217 736 2282 ministrorum
768 2217 835 2284 sere
869 2218 941 2284 loco
970 2219 1087 2301 luisse,
1118 2243 1194 2288 nam
1220 2243 1321 2306 quum
1352 2223 1408 2290 alii

260 2321 408 2407 magistri
428 2339 555 2402 semper
577 2319 661 2386 cives
682 2319 782 2388 Attici
811 2327 940 2402 essent,
970 2321 1270 2406 hypopaedotriba‚
1305 2327 1408 2410 hypo·

261 2431 479 2513 grammateus
500 2423 703 2508 ministrique
741 2445 838 2508 saepe
868 2427 1030 2512 peregrini
1055 2427 1185 2494 fuerunt
1217 2429 1298 2514 (Ἐφ.
1328 2431 1407 2515 ἅρχ.

263 2535 357 2596 3200.
382 2525 455 2591 Oct.
477 2531 518 2594 A.
541 2548 572 2610 p.
597 2531 658 2590 525
682 2549 712 2591 v.
737 2532 788 2592 89.
812 2532 875 2594 598
897 2550 926 2594 v.
953 2531 1029 2614 174)
1050 2529 1088 2616 5).

283 2681 286 2688 .
348 2631 494 2714 Denique
515 2630 549 2693 in
571 2629 726 2711 postremi
746 2634 901 2714 temporis
923 2631 1026 2696 titulis
1048 2630 1083 2696 hi
1103 2631 1282 2699 accedunt:

344 2728 579 2818 προστάτης
602 2731 691 2816 (titel.
714 2737 746 2794 Β
766 2755 798 2818 p.
815 2740 888 2800 430.
912 2737 943 2798 Γ
959 2757 992 2818 p.
1011 2739 1085 2800 555.
1105 2733 1197 2818 Ἀρχ.
1213 2735 1267 2820 ἐφ.
1284 2743 1406 2820 new.

262 2839 315 2923 α’ρ.
341 2839 427 2924 199).
480 2835 579 2913 Quale
609 2835 669 2901 hoc
694 2834 791 2902 fixerit
821 2859 954 2920 munus
988 2859 1027 2904 ue
1056 2839 1241 2904 coniectura
1274 2841 1408 2924 quidem

262 2942 390 3025 assequi
411 2961 551 3024 possum.
1062 2933 1065 2940 ’

350 3042 465 3128 ῑατρό
473 3066 489 3119 ς
512 3042 585 3105 (Det.
608 3049 639 3105 Β
660 3065 692 3126 p.
711 3045 787 3108 430.
831 3043 983 3110 Fortasse
1006 3044 1047 3110 ad
1069 3043 1130 3110 hoc
1151 3065 1266 3110 munus
1288 3044 1410 3110 alludit

265 3149 406 3216 Galenus
429 3167 467 3212 eo
489 3147 559 3210 loeo
582 3167 677 3230 quem
697 3146 854 3213 Krousius
876 3146 902 3210 1.
913 3169 945 3230 p.
960 3153 1022 3212 939
1046 3147 1218 3231 exscripsit
1234 3145 1288 3231 (de
1307 3146 1409 3214 ualet.

264 3253 385 3320 tuenda
406 3250 446 3334 Π,
470 3254 508 3316 8;
542 3251 571 3316 st
598 3249 636 3314 dt
663 3273 707 3326 uc
735 3253 756 3335 ἢ
780 3251 961 3335 repressis
987 3255 1008 3336 ἢ
1039 3251 1151 3336 ἰατρὸν
1180 3249 1329 3334 ὀνομάζει
1350 3251 1409 3316 τὸν

265 3503 368 3556 statuae
385 3495 527 3566 ponendae
547 3495 653 3549 veniam
672 3495 733 3565 det,
759 3495 954 3564 imperatorum
971 3499 1061 3552 aetate
1084 3495 1198 3564 (threnn
1225 3515 1255 3565 p.
1273 3499 1309 3550 35
1326 3499 1411 3568 extr.)

266 3585 485 3656 compositussit
501 3597 611 3637 neeesse
629 3588 679 3637 est.
715 3585 757 3638 Ab
785 3601 817 3638 eo
839 3585 904 3639 inde
931 3591 1055 3655 tempore
1082 3585 1265 3654 παιδοτρίβης,
1290 3581 1409 3654 ἣγομῶν,

267 3675 438 3746 ὁπλομάχος,
455 3669 630 3744 γραμματεὺς
645 3671 676 3726 in
692 3674 817 3730 omuibus
839 3674 926 3731 titulis
945 3680 1024 3746 sunt,
1049 3676 1124 3730 cuius
1151 3673 1191 3728 rei
1217 3674 1343 3744 exemplu
1359 3674 1409 3730 ad·

265 3764 384 3818 scribere
401 3778 627 3833 supervacaneum
647 3765 698 3818 est.
1194 3827 1198 3834 ι

338 3864 365 3932 4)
383 3861 605 3930 Antiquissimum
625 3863 779 3932 exemplum
802 3867 843 3917 est
865 3861 895 3916 0.
913 3862 936 3917 Ι.
954 3863 1001 3917 Gr.
1020 3865 1088 3932 965,
1120 3861 1250 3917 archonte
1274 3861 1407 3916 Rhoeme·
1468 3865 1469 3892 ³

265 3952 337 4012 talea
355 3967 420 4021 rege
436 3950 578 4004 Thraciae.
613 3948 665 4016 Qui
681 3956 772 4004 utrum
789 3951 877 4006 maior
893 3955 958 4005 natu
975 3949 1167 4020 intelligendus
1191 3951 1244 4024 sit,
1271 3951 1317 4020 qui
1343 3950 1409 4004 cae-
1468 3953 1469 3956 ’

266 4040 333 4095 sarie
346 4043 380 4110 et
395 4037 511 4108 Augusti
533 4041 622 4092 aetate
650 4038 717 4094 vixit
746 4038 842 4107 (Meier
863 4057 963 4094 comm.
987 4039 1073 4108 epigr.
1093 4042 1110 4093 9
1134 4056 1163 4107 p.
1184 4041 1229 4110 90)
1253 4056 1288 4094 an
1310 4038 1409 4106 minor,

265 4129 377 4184 Tiberio
392 4129 556 4197 imperatore
575 4123 650 4191 (Tae.
668 4144 730 4182 anu.
747 4127 783 4198 11,
802 4129 847 4198 67)
865 4131 896 4181 ut
913 4127 1065 4181 Boeckhius
1083 4128 1180 4198 voluit,
1206 4145 1260 4183 non
1276 4129 1370 4196 liquet.

337 4236 365 4304 5)
382 4233 473 4288 Sicubi
492 4231 532 4299 (0.
550 4229 573 4284 Ι.
588 4230 635 4284 Gr.
660 4235 723 4301 970)
748 4233 798 4287 sub
824 4234 956 4290 uocabulo
981 4235 1120 4288 umdsomt
1146 4237 1255 4300 praeter
1280 4236 1409 4302 quattuor

265 4323 326 4375 illos
340 4323 499 4391 praecipuos
517 4320 661 4389 inagistrus
679 4320 733 4375 elia
749 4323 860 4388 nominc
876 4321 1014 4378 adduntur
1040 4322 1115 4376 nulla
1141 4321 1259 4376 muneris
1276 4325 1342 4375 note
1359 4321 1407 4376 ad·

265 4411 381 4480 scripta,
400 4411 420 4463 ii
437 4409 685 4480 hypopsedotriba,
702 4409 959 4481 hypogrammateus
977 4416 1005 4466 et
1023 4410 1141 4468 ministri
1158 4413 1229 4464 suut.
1326 4413 1330 4422 “
