2984 5036
785 247 826 306 20

235 438 275 481 ne
303 413 489 499 peregrinos
524 412 695 497 quideme
725 413 845 478 civibus
878 420 1044 497 separatos
1067 415 1200 498 propria
1222 413 1393 496 quaedam

236 521 380 601 τάγματα
416 517 621 582 constituisse
656 515 750 582 docet
779 516 814 580 Ο.
837 517 862 581 Ι.
886 517 942 582 Gr.
967 522 1041 598 285,
1075 517 1131 584 ubi
1164 517 1229 581 iam
1260 517 1394 582 Boeclr-

236 625 308 689 hius
331 643 369 688 ea
391 623 537 700 uomina,
567 618 683 704 quibus
706 620 790 685 demi
812 621 967 704 adscripti
989 643 1053 687 nou
1076 619 1214 687 suntad
1237 622 1394 705 peregri-

237 749 296 793 nos
318 725 439 791 retulit.

323 831 447 896 Nomen
466 829 572 910 ipsum
594 828 773 910 σύστρεμμα
799 827 841 891 ab
868 827 1065 892 exercituum
1096 830 1243 911 partibus
1265 830 1395 913 repeti-

238 943 305 1002 tum
330 935 385 1011 (of.
407 932 547 998 Bursian
567 931 589 995 l.
605 931 645 1015 l.)
666 931 750 996 hauc
776 930 962 996 divisionem
994 932 1139 1016 inprimis
1162 937 1203 1001 ad
1225 957 1278 1002 res
1300 935 1394 1000 mili·

238 1047 326 1106 tares
348 1032 509 1121 spectasse
531 1036 649 1118 arguit.
694 1035 756 1101 Sed
788 1035 885 1100 etiam
907 1033 1047 1100 iu'ludis
1070 1042 1103 1101 et
1123 1039 1247 1122 pompis
1270 1038 1393 1104 solem-

238 1146 333 1212 nibus
356 1165 428 1208 eam
455 1141 528 1206 usui
557 1139 656 1204 fuisse
676 1137 846 1204 uerisimile
870 1143 933 1218 est;
966 1144 998 1203 et
1020 1141 1177 1223 siquidem
1199 1144 1394 1210 coniectura

239 1269 312 1314 mea
333 1267 410 1313 vera
433 1249 482 1309 est
504 1243 560 1324 (cf.
584 1263 652 1326 cap.
668 1243 700 1306 11
722 1249 751 1324 §-
765 1245 798 1318 5)
821 1242 918 1306 etiam
939 1263 1065 1308 morum
1087 1245 1251 1312 custodiae
1273 1245 1391 1330 aliquo

239 1351 334 1417 modo
356 1346 560 1414 inserviebat.
1467 1373 1468 1440 ἦ

279 1477 282 1481 ·
325 1455 425 1518 Plane
455 1449 614 1534 singulare
638 1448 774 1530 denique
797 1453 856 1528 est,
878 1448 963 1531 quod
993 1448 1062 1532 Ἕφ.
1085 1446 1156 1532 ἄρχ.
1182 1473 1251 1532 περ,
1271 1455 1312 1513 Β.
1329 1452 1391 1530 α’ρ.
1467 1469 1468 1532 ῇ

246 1564 306 1624 107
330 1563 410 1622 extr.
434 1555 537 1630 τάξεις
559 1552 716 1637 quaedam
747 1551 942 1634 epheborum
964 1559 1271 1634 commemorantum
1302 1575 1392 1637 qnae

246 1662 406 1748 quomodo
429 1679 449 1724 a
479 1657 711 1743 systremmatis
733 1655 877 1721 diversae
899 1656 1018 1721 fuerint
1039 1661 1072 1721 et
1095 1678 1157 1740 quo
1182 1658 1314 1723 oonsilio
1337 1660 1391 1724 in·

242 1770 386 1846 stitutae,
409 1785 449 1829 ne
473 1762 630 1846 suspicari
652 1759 780 1844 quidem
800 1759 885 1825 linet.
1467 1785 1468 1818 l

332 1874 361 1933 3.
405 1868 477 1932 Non
500 1868 644 1948 ineptum
668 1864 747 1944 erit,
769 1863 829 1928 hoc
850 1864 920 1929 loco
943 1863 1096 1929 nonnulla
1125 1863 1165 1929 de
1185 1864 1225 1930 iis
1247 1865 1389 1930 vocabu·
1467 1843 1468 1928 l

242 1976 282 2039 lis
305 1972 441 2050 addere,
472 1968 588 2053 quibus
611 1967 696 2031 ratio
719 1971 752 2031 et
773 1967 999 2049 necessitudo,
1030 1988 1113 2051 quae
1134 1969 1221 2032 inter
1242 1951 1387 2050 ephebos
1467 1941 1468 2008 l

242 2075 438 2152 intercedat,
479 2070 652 2154 significari
689 2069 780 2134 solet.
832 2069 883 2134 Ex
913 2071 1030 2153 quibus
1063 2071 1299 2136 usitatissinum
1334 2077 1387 2136 est

126 2198 128 2201 ’
243 2177 372 2262 φίλοι,
396 2175 483 2259 quod
497 2195 592 2256 saepe
604 2174 702 2237 etiam
714 2173 785 2236 aliis
798 2174 972 2254 vocabulis,
997 2195 1130 2258 quorum
1142 2175 1189 2238 ris
1200 2173 1305 2239 minus
1316 2175 1387 2240 late

242 2288 350 2368 patet,
374 2286 529 2363 tauquam
552 2283 777 2343 ornamentum
800 2279 966 2357 adiicitur,
989 2278 1077 2344 velut
1102 2277 1191 2361 φίλοι
1213 2282 1265 2340 καὶ
1290 2281 1386 2341 συνέ-

243 2387 342 2469 φηβοι
371 2382 406 2446 Ο.
429 2382 455 2446 I.
485 2380 541 2446 Gr.
565 2384 639 2444 266.
664 2383 726 2444 269
763 2378 827 2444 ott
858 2383 944 2463 Ap.
969 2384 1032 2443 428
1055 2403 1086 2444 n.
1112 2385 1140 2444 3.
1174 2382 1252 2464 l'p.
1276 2384 1317 2444 62
1342 2380 1384 2444 al.
1467 2377 1468 2382 ’

244 2512 281 2572 φ.
302 2493 356 2550 καὶ
378 2485 525 2549 scordam
557 2483 590 2549 0.
613 2483 638 2547 Ι.
663 2483 718 2548 Gr.
743 2487 816 2548 268.
870 2484 1107 2566 Nonnunquam
1139 2483 1204 2548 aha
1236 2483 1383 2567 epitheta

243 2592 392 2659 amantia
420 2589 598 2668 adduntur,
631 2588 719 2652 uelut
739 2591 849 2671 γοργοί
871 2589 924 2672 (de
953 2589 1042 2652 ouius
1065 2589 1097 2652 vi
1127 2589 1165 2652 of.
1189 2587 1319 2684 Boeolrh
1340 2589 1382 2652 ad

244 2695 280 2761 O.
301 2695 327 2759 Ι.
351 2693 406 2756 Gr.
428 2716 460 2756 n.
484 2693 572 2776 282.)
595 2696 628 2754 et
647 2688 769 2774 γνήσιοι
784 2691 836 2772 ¹⁰).
881 2691 1017 2756 Videtur
1038 2693 1137 2775 igitur
1168 2691 1262 2757 huius
1292 2711 1384 2780 voca-

243 2797 313 2862 buli
334 2817 410 2860 usus
433 2802 500 2860 tam
521 2794 588 2859 late
611 2799 741 2876 patere,
764 2798 801 2858 ut
823 2815 955 2876 prorsus
978 2795 1012 2858 in
1033 2795 1216 2860 universum
1238 2795 1384 2860 intimam

244 2899 419 2964 amicitiam
442 2917 523 2981 quae
545 2898 630 2961 inter
652 2917 760 2962 omnes
777 2896 917 2980 ephebos
938 2897 1118 2962 intercedat
1139 2898 1305 2980 significat,
1328 2919 1385 2963 ne-

246 3024 308 3087 que
330 3002 463 3084 propria
486 3000 643 3083 quaedam
674 2989 864 3084 significatio
888 3001 1036 3082 subesse,
1074 3004 1265 3085 praesertim
1287 3025 1385 3086 quum
1467 3041 1468 3080 Τ

246 3129 285 3172 ea
317 3127 414 3190 quam
446 3104 625 3169 Boeckhius
660 3104 701 3168 ad
732 3104 767 3169 Ο.
790 3105 816 3169 Ι.
840 3105 896 3170 Gr.
926 3127 957 3170 u.
982 3110 1045 3170 287
1077 3108 1210 3189 statuit,
1243 3107 1383 3173 fortasse

246 3209 362 3293 „primi
392 3208 467 3271 anni
495 3207 636 3290 ephebos
669 3207 808 3272 minores
830 3212 910 3272 natu
938 3209 1114 3274 maioribus
1147 3210 1278 3276 secundi
1306 3211 1382 3274 ahni

247 3313 379 3397 ephebis
420 3318 577 3395 tanquam
618 3310 733 3394 φίλους
768 3310 942 3376 attributos
976 3311 1116 3393 fuisse,“
1146 3313 1211 3377 iam
1250 3319 1385 3398 propter

246 3437 300 3498 ea,
335 3436 417 3500 quae
445 3416 500 3480 de
515 3422 659 3499 temporo
681 3415 836 3498 ephebiae
865 3415 950 3480 infra
977 3417 1082 3480 dicam
1112 3415 1296 3499 probabilia
1322 3439 1386 3483 non

134 3607 137 3612 Ι
247 3519 426 3586 videantur.

334 3621 531 3688 Vocabulum
553 3619 702 3685 συστάται
725 3620 765 3686 de
795 3621 928 3704 ephebis
950 3622 1069 3704 duplici
1083 3624 1121 3690 ,vi
1143 3623 1271 3690 dicitur.
1315 3625 1385 3688 Pri-

251 3748 338 3791 mum
360 3725 487 3808 singula
520 3724 715 3808 epheborum
745 3725 855 3809 paria,
888 3727 1028 3808 quaein
1049 3729 1222 3812 gymnasiis
1243 3729 1329 3792 inter
1350 3749 1385 3793 se

245 3830 366 3894 luctam
398 3827 526 3911 aliaque
563 3828 740 3894 certamina
773 3827 985 3909 exercebant,
1018 3829 1080 3895 hoo
1109 3833 1237 3897 nornine
1267 3832 1387 3915 signifi·

255 3979 462 3991 ...—

320 4073 364 4140 10)
383 4071 458 4138 uitas
476 4070 574 4139 yopyci
591 4073 696 4142 γνήσιοι
715 4073 745 4128 C.
764 4074 786 4127 I.
797 4073 844 4127 Gr.
855 4076 917 4128 282.
937 4076 1012 4143 qilcr
1030 4079 1129 4146 yopyoi
1143 4075 1202 4146 Ἐφ.
1222 4077 1284 4148 dex·
1305 4083 1386 4135 2720.

247 4163 336 4220 hebaa
354 4160 367 4212 1
383 4177 410 4212 n.
429 4161 492 4213 532.
529 4161 589 4211 uu.
609 4169 630 4214 A
647 4179 676 4231 p.
695 4165 739 4217 73.
762 4161 938 4230 πεφανοῢσιν
964 4163 990 4214 ot
1008 4164 1151 4232 συνέφηβοι
1175 4193 1209 4203 -
1229 4169 1304 4235 φίλω
1325 4187 1387 4238 γνη-

248 4253 322 4310 σίους
339 4247 384 4316 (an
403 4250 500 4317 φίλους
517 4252 670 4324 mutuari)
690 4251 719 4306 C.
738 4253 760 4307 I.
779 4253 826 4306 Gr.
846 4253 907 4304 287.
