2984 5036
821 301 862 362 30

269 470 407 536 Greatur
427 468 580 552 apopulo
596 470 772 548 χειροτονίᾳ
795 467 840 554 (1,
865 472 916 532 38.
940 473 969 548 3,
994 472 1045 532 69.
1070 473 1099 547 5,
1124 467 1199 549 34);
1221 466 1414 549 priusquam

268 595 383 638 munus
406 572 560 654 suscipit,
594 571 766 654 δοκιμασία
781 573 826 656 ⁶),
859 578 1032 656 postquam
1063 592 1101 634 eo
1132 571 1321 654 perfunctus
1352 577 1413 632 est.

269 675 410 740 saetam
433 677 463 740 ei
484 675 668 741 subeundae
684 681 760 740 sunt
782 676 890 760 (inser.
911 680 938 755 1,
961 679 1013 738 42.
1038 679 1068 755 2,
1092 679 1144 741 88.
1165 680 1197 756 4,
1220 679 1272 738 61.
1297 677 1414 754 1145),

269 780 402 864 Semper
421 802 503 846 1111111
527 784 577 847 016
589 780 627 862 1).

358 891 508 968 Oosmeta
531 921 627 984 quum
646 923 803 968 summam
825 919 934 966 curam
957 898 1152 982 epheborum
1175 870 1321 978 haberet,
1345 902 1416 966 sine

269 1006 368 1072 dubio
390 1005 489 1070 ceteri
511 1006 721 1088 magistratus
743 1007 811 1071 eius
833 1004 968 1086 imperio
994 1001 1117 1068 subditi
1138 1010 1239 1085 erant,
1261 1005 1414 1087 inprimis

269 1109 417 1193 magistri
440 1108 650 1193 epheborum,
673 1128 753 1192 quos
775 1111 844 1192 ipse
866 1107 1005 1192 eligebat
1036 1109 1143 1192 (inser.
1171 1113 1201 1188 l,
1226 1109 1293 1192 21).
1338 1109 1414 1191 Ipse

269 1235 344 1280 vero
368 1219 400 1277 et
424 1213 630 1296 gymnasticis
657 1211 941 1278 exercitationibus
969 1209 1166 1293 epheborum
1187 1214 1200 1296 1
1201 1213 1277 1278 1010
1303 1217 1334 1294 2,
1359 1219 1412 1276 60.

272 1323 309 1397 3,
333 1317 389 1400 83)
412 1321 444 1380 06
466 1315 729 1399 philosophorum
752 1313 869 1381 10110111
892 1314 945 1396 (2.
969 1315 1024 1398 64)
1047 1315 1195 1396 interest,
1218 1323 1255 1382 ut
1277 1317 1412 1400 diligen-

269 1422 350 1486 tiam
370 1420 499 1484 illorum
529 1424 562 1482 et
584 1420 717 1485 decoros
739 1440 845 1484 mores
867 1418 1037 1484 custodiat.
1082 1418 1206 1484 Deinde
1228 1422 1337 1485 omnia
1360 1441 1413 1486 sa-

271 1523 391 1590 crificia
413 1543 484 1586 cum
513 1522 553 1586 iis
574 1523 654 1586 facit
677 1525 728 1609 (1,
753 1527 803 1587 39.
828 1525 868 1600 2,
893 1526 932 1586 67
956 1522 1018 1608 al),
1052 1523 1086 1587 in
1107 1525 1235 1608 pompis
1257 1523 1413 1590 ducendis

272 1633 324 1717 (2,
350 1632 407 1708 58)
438 1625 569 1710 ephebis
591 1631 735 1710 praeest3
765 1626 903 1709 denique
932 1625 966 1690 in
994 1626 1251 1710 expeditionibus
1282 1649 1414 1712 quoquc

149 1753 154 1762 ·
271 1734 482 1809 militaribus,
515 1752 597 1817 quae
616 1729 786 1812 aliquoties
809 1749 868 1812 per
889 1750 1008 1794 annum
1030 1730 1064 1794 in
1085 1729 1165 1795 fines
1187 1736 1296 1796 terrae
1317 1733 1413 1810 fiunt,

269 1841 340 1924 ipse
363 1838 475 1918 adest3
505 1838 576 1921 ipse
610 1855 681 1898 cum
710 1832 844 1916 ephebis
871 1833 1056 1914 Salamina,
1085 1833 1276 1901 Marathona
1314 1845 1349 1902 et
1380 1839 1413 1902 in

271 1945 350 2011 alias
380 1943 506 2008 Atticae
541 1948 649 2005 terrae
679 1938 826 2020 regiones
856 1959 1021 2003 sacrorum
1056 1935 1276 2004 faciendorum
1313 1961 1413 2006 causa

174 2048 176 2053 ’
270 2046 485 2131 proficiscitur
508 2043 552 2131 (2,
577 2048 628 2107 66.
652 2048 691 2108 69
716 2063 785 2125 sqq.
812 2045 840 2123 3,
865 2043 922 2127 85)
947 2041 996 2106 ita
1016 2047 1054 2107 ut
1069 2041 1149 2106 nihil
1169 2042 1236 2108 fere
1258 2042 1300 2109 ab
1316 2045 1414 2128 ephe-

270 2150 318 2216 bis
340 2150 408 2213 sine
437 2153 578 2212 cosmeta
609 2146 679 2211 fieri
708 2145 778 2210 iure
808 2145 939 2209 dixeris.
991 2144 1113 2209 Tamen
1134 2146 1168 2210 in
1198 2146 1239 2210 iis
1261 2148 1414 2216 omnibus

272 2254 398 2336 singula
421 2272 441 2316 a
472 2243 651 2314 minoribus
673 2248 934 2332 magistratibus,
957 2249 1056 2312 veluti
1079 2250 1258 2332 magistris,
1281 2272 1414 2334 gymna-

271 2355 415 2435 siarchis,
447 2353 662 2437 sophronistis
697 2351 1022 2428 administrabantur,
1059 2353 1128 2434 ipse
1161 2361 1303 2420 cosmeta
1338 2379 1415 2422 vero

273 2463 380 2528 omnia
406 2459 651 2538 moderabatur,
675 2455 892 2539 prospiciebat
928 2461 964 2519 ut
985 2475 1024 2520 ex
1049 2441 1177 2540 legibus
1211 2464 1243 2523 et
1274 2459 1415 2526 decretis

276 2564 388 2650 populi
418 2562 553 2641 fierent,
593 2560 796 2627 custodiebat
828 2558 968 2642 ephebos
1002 2580 1041 2623 ne
1070 2560 1146 2642 quid
1176 2567 1288 2628 contra
1319 2563 1415 2630 deco·

272 2689 340 2734 rem
363 2673 396 2731 et
417 2686 523 2730 mores
544 2664 697 2756 honestos
719 2665 862 2728 facerent
889 2669 990 2746 utque
1018 2670 1171 2746 parerent
1189 2667 1363 2748 praefectis
1376 2670 1414 2753 ⁵).

271 2773 309 2837 In
330 2791 394 2853 quo
417 2768 664 2833 coercendorum
687 2767 881 2850 epheborum
904 2788 1035 2832 munere
1057 2769 1153 2833 etiam
1177 2768 1296 2834 multas
1317 2793 1415 2854 pecu-

271 2876 344 2940 niae
374 2873 566 2955 imposuisse
587 2871 715 2936 videtur
736 2870 923 2953 iuvenibus,
957 2891 1151 2955 quamquam
1180 2894 1262 2937 unus
1293 2873 1351 2939 ubi
1373 2875 1415 2940 de
1468 2923 1469 2934 .

272 2979 333 3044 hac
355 2998 389 3041 10
412 2976 531 3040 dicitur
557 2977 645 3040 locus
669 2976 778 3062 (inscr.
804 2979 833 3056 3,
858 2974 913 3058 80)
941 2980 1008 3039 tam
1041 2974 1212 3040 lacunosus
1235 2984 1343 3042 estut
1366 2982 1414 3042 ni-

271 3081 317 3146 hil
338 3080 417 3145 certi
437 3078 476 3143 de
498 3079 537 3142 iis
561 3079 624 3142 dici
645 3080 758 3160 possit.

270 3345 342 3393 tasse
367 3337 445 3408 pueri
473 3353 531 3390 0110
548 3335 667 3406 possint,
691 3339 785 3388 tamen
809 3325 864 3390 1100Ι
888 3338 1050 3392 vocabulum
1074 3356 1210 3408 nunquam
1234 3341 1273 3396 ita
1290 3345 1413 3411 usurpari

270 3431 376 3497 potest,
394 3429 425 3479 ut
442 3442 475 3479 eo
492 3425 570 3494 pueri
586 3425 621 3478 ab
643 3423 755 3494 ephebis
771 3424 977 3494 distinguantur.
1013 3423 1106 3496 Neque
1120 3445 1188 3497 opus
1212 3434 1254 3483 est
1271 3429 1312 3484 his
1330 3431 1414 3484 artifi-

270 3517 327 3586 ciis,
345 3532 426 3583 quum
446 3513 604 3567 omnino-in
620 3513 738 3565 lectione
756 3512 807 3564 τῶν
827 3512 897 3564 θεῶν
914 3513 1107 3568 offendendum
1124 3533 1179 3570 non
1190 3533 1249 3570 esse
1261 3518 1414 3573 Boeckhius

271 3603 505 3660 demonstraverit.
609 3633 612 3636 -

342 3692 369 3761 3)
386 3692 457 3746 Nam
480 3690 548 3744 haec
566 3689 680 3743 indicari
702 3690 770 3744 mihi
795 3691 903 3744 videtur
930 3693 1069 3748 vocabulis
1094 3692 1224 3762 κοσμητὴν
1248 3695 1414 3758 1161011111

270 3780 329 3834 τοῖν
348 3780 467 3848 ἄριστα
484 3780 698 3846 βεβιωκότων
714 3779 795 3834 inser.
816 3783 832 3833 2
850 3798 876 3833 v.
895 3783 939 3834 56.

341 3870 368 3938 4)
387 3867 475 3934 Quare
493 3867 625 3937 Rangabe
649 3885 677 3922 n.
696 3871 767 3923 2354
794 3867 854 3927 rods
871 3868 1022 3939 κοσμη[τὰς]
1050 3870 1232 3941 Naxeqappv]
1259 3871 1413 3940 monſtris]
1466 3899 1467 3930 1

272 3952 423 4029 denaba]
444 3952 602 4029 Εὐηγὲῂην]
623 3957 677 4011 huc
693 3957 831 4026 pertinere
848 3975 903 4012 non
919 3963 1018 4027 potest.

341 4045 368 4114 h)
387 4044 447 4099 Hoc
467 4060 548 4114 saepe
565 4044 594 4096 in
612 4045 698 4098 titulis
718 4046 834 4115 dicitur,
863 4048 937 4102 velut
958 4052 971 4100 1
990 4066 1017 4102 v.
1036 4050 1071 4101 36
1094 4049 1243 4116 προενοήθη
1262 4047 1291 4100 δὲ
1309 4046 1355 4100 καὶ
1374 4049 1414 4112 τῆς

267 4134 320 4187 τῶν
337 4135 445 4203 ἐφήβων
461 4130 598 4198 taetram
624 4150 693 4202 quae
709 4136 732 4188 si
758 4136 905 4189 contuleris
928 4123 996 4189 cum
1008 4135 1132 4190 Erotiani
1155 4136 1335 4205 explicatione
1353 4155 1413 4188 κοο-

268 4223 352 4294 μητὰς
368 4222 427 4283 rods
444 4222 487 4286 τῆς
503 4221 554 4274 τῶν
570 4222 681 4290 ἐφήβων
698 4224 819 4284 εὐταξίας
836 4224 1019 4293 προνοοῦντας
1037 4224 1117 4278 facile
1133 4225 1161 4277 iu
1179 4241 1240 4278 eam
1252 4226 1413 4280 sententiam
1465 4261 1466 4266 =

268 4313 380 4382 incides,
398 4329 468 4380 eum,
486 4328 567 4379 quem
578 4312 722 4366 Erotisnm
741 4313 884 4382 exscripsit
894 4313 1026 4367 eiusmodi
1041 4312 1135 4367 titulos
1147 4314 1270 4383 cognitos
1280 4313 1414 4369 habuisse.
