2984 5036
800 229 840 290 26

249 414 307 476 per
328 391 458 476 quidem
478 394 513 459 in
535 396 631 461 certis
654 395 847 479 quibusdam
877 397 1106 462 conaminibus
1129 397 1229 481 (velut
1257 399 1294 462 in
1315 399 1393 464 lam·
1469 414 1473 484 l

248 497 332 578 pade
367 497 440 561 Φιλ.
465 502 493 560 Γ
521 520 553 582 p.
581 503 641 563 154
667 498 708 563 al.
741 498 913 573 ἀκοντίζων
948 498 984 562 ἒιι
1021 505 1085 564 τῶν
1117 500 1250 586 ἐφήβων
1285 502 1329 568 ib.
1364 510 1394 565 B

248 623 279 683 p.
307 603 381 685 137)
403 623 507 684 neque
529 604 595 667 veri
619 602 721 668 simile
744 604 805 687 sit,
840 624 895 668 eos
918 604 1057 670 omnium
1089 603 1221 669 aliorum
1246 608 1393 672 contami·
1471 611 1474 706 l

248 725 333 784 num,
357 705 413 771 ubi
435 708 621 771 nominatim
645 729 710 772 non
734 706 920 784 efferuntur,
943 713 1094 791 expertes
1110 708 1219 787 fuisse,
1243 708 1394 774 altemtri
1472 751 1474 788 ι

250 808 373 872 exiliis
396 808 565 874 ordinibus
587 810 791 876 adscribendi
814 815 898 876 sunt.
943 813 1049 895 Atque
1071 833 1143 878 mea
1166 813 1296 897 quidem
1320 835 1394 878 sen·
1473 889 1474 904 ρ

249 914 352 977 tentia
375 912 507 978 dubium
529 935 599 978 esse
622 935 686 979 non
708 919 834 997 potest,
858 937 912 980 eos
935 916 976 980 ad
999 916 1148 997 tertiam,
1180 917 1215 982 id
1236 924 1287 982 est
1308 919 1393 984 viro-

249 1023 482 1112 rumestatem
504 1019 676 1101 pertinere.
720 1019 863 1083 Primum
874 1021 959 1084 enim
981 1017 1142 1098 οἲγινιίοος
1162 1043 1394 1105 nonnunquam

251 1121 347 1184 etiam
370 1141 542 1204 puerorum
563 1124 691 1187 nomine
714 1123 939 1206 comprehendi
961 1131 995 1188 et
1017 1124 1092 1189 viris
1112 1126 1230 1208 opponi
1246 1126 1394 1190 vidimus.

253 1228 294 1288 nt
334 1225 451 1308 ephebi
487 1247 715 1310 nonnunquam
754 1228 881 1311 quidem
915 1227 1029 1302 παῖδες
1062 1228 1212 1294 dicuntur
1243 1229 1333 1314 (Φιλ.
1363 1236 1398 1293 A

253 1349 284 1410 p.
313 1332 375 1391 51ss
409 1351 436 1392 v.
462 1334 492 1392 4.
516 1333 545 1392 6.
592 1332 621 1390 Γ
650 1350 681 1412 p.
703 1333 742 1393 61
769 1335 902 1411 ,γιαισὶν
923 1329 1075 1414 ἐφήβοις(ι
1100 1334 1130 1393 Γ
1150 1352 1182 1414 p.
1209 1337 1271 1396 277
1295 1355 1324 1398 v.
1350 1334 1395 1417 3).

252 1432 315 1496 Sed
338 1453 447 1497 omnes
469 1433 528 1497 hos
550 1433 638 1498 locos
662 1435 709 1497 ita
732 1440 936 1516 comparatos
960 1455 1048 1514 esse,
1073 1440 1111 1500 ut
1132 1436 1236 1518 magis
1256 1435 1296 1500 de
1318 1440 1397 1520 poti·

251 1537 316 1602 tioo
339 1542 372 1600 et
394 1536 564 1617 rhetorico,
587 1557 685 1619 quam
706 1537 746 1602 de
760 1538 893 1620 proprio
916 1537 1042 1604 dicendi
1054 1559 1172 1621 genere
1189 1539 1397 1623 cogitandum

253 1640 312 1718 sit,
342 1641 408 1703 iam
430 1640 503 1704 inde
527 1646 682 1723 apparet,
706 1640 793 1724 quod
816 1662 925 1706 omnes
948 1641 1093 1708 versibus
1116 1644 1287 1726 compositi
1309 1650 1396 1709 sunt.

255 1744 376 1809 Contra
397 1744 453 1809 ubi
477 1750 626 1820 accurate
649 1745 776 1826 dieitur,
801 1767 926 1829 semper
949 1745 1064 1830 ephebi
1086 1747 1146 1810 viri
1168 1752 1297 1812 suntet
1318 1768 1398 1830 pue·

255 1851 301 1914 ris
335 1856 548 1934 opponuntur.
593 1849 718 1914 Deinde
742 1849 815 1913 Φιλ.
838 1853 868 1912 Γ
891 1871 922 1933 p.
949 1854 1010 1913 154
1040 1851 1125 1916 iuter
1152 1853 1335 1925 νεανίσκους
1364 1857 1399 1916 et

255 1952 397 2036 ἐφήβους
418 1953 637 2035 distinguitur.
681 1951 826 2036 Denique
849 1953 1026 2018 absolvitur
1047 1959 1118 2018 tota
1139 1955 1287 2038 quaestio
1309 1955 1400 2019 tituli

255 2055 289 2122 (l.
313 2058 338 2120 I.
363 2055 419 2122 Gr.
444 2060 506 2120 246
534 2057 728 2122 testimonio.
772 2057 856 2122 Nam
877 2057 923 2122 ibi
951 2057 1050 2122 verba
1073 2057 1110 2120 dv
1132 2057 1169 2121 δ’
1190 2055 1247 2140 ἄρ’
1269 2057 1399 2143 ἤϊθέοι-

254 2180 304 2223 σιν
337 2159 505 2244 ἒφήβοισιν
536 2171 732 2244 κρατεροῖσιν
762 2161 818 2244 τήν
847 2161 998 2244 πυμάτην
1036 2162 1127 2238 ια’ξιν
1153 2159 1309 2244 Μάξιμος
1341 2160 1399 2248 ἦρε

257 2263 362 2349 πάλης
383 2263 563 2328 Boeohhius
597 2263 715 2328 collato
738 2264 788 2328 tit.
813 2269 875 2328 245
911 2265 959 2329 ita
991 2265 1181 2348 explicanda
1203 2266 1329 2345 docuit,
1359 2273 1399 2332 ut

254 2369 430 2434 Maximum
453 2367 610 2452 ephebum
632 2368 782 2432 intentio
804 2367 925 2450 ordine,
955 2389 1049 2451 quern
1072 2389 1172 2452 supra
1193 2369 1329 2434 vidimus
1350 2371 1399 2434 vi·

255 2495 364 2543 rorum
391 2494 479 2554 esse,
509 2473 676 2538 victoriam
708 2478 891 2562 reportasse
925 2472 1056 2537 diceret.
1111 2474 1154 2538 Et
1182 2495 1282 2556 quum
1311 2475 1399 2539 inter

226 2604 234 2620 ⁶
252 2580 341 2667 ipsos
364 2575 503 2660 ephebos
521 2575 647 2653 nullum
670 2577 787 2640 aetatis
801 2575 971 2640 discrimen
986 2575 1199 2641 intercederet
1216 2575 1268 2662 (cl.
1281 2583 1349 2642 not.
1363 2579 1397 2662 2)

255 2701 361 2746 omues
383 2679 498 2766 ephebi
521 2679 589 2747 sine
611 2679 709 2747 dubio
732 2679 773 2744 ad
795 2679 936 2746 virorum
959 2678 1104 2746 ordinem
1120 2680 1348 2766 pertinuerunt
1357 2681 1397 2767 9).

635 2927 772 2984 CAPUT
796 2926 1012 2982 ALTERUM.

287 3077 344 3142 DE
366 3069 708 3140 MAGISTRATIBUS
730 3069 785 3134 ET
807 3068 1068 3135 PRAEFEOTIS
1091 3069 1364 3136 EPHEBORUM.

786 3242 814 3326 §-
840 3245 867 3303 1.

345 3404 372 3463 1.
415 3398 483 3461 Iam
506 3413 606 3477 supra
627 3393 702 3472 dixi,
724 3391 953 3474 rempublicam
968 3392 1082 3474 ipsam,
1116 3393 1148 3457 id
1172 3399 1222 3458 est
1242 3392 1397 3476 populum

256 3511 288 3570 et
311 3508 473 3580 senatum,
504 3518 600 3581 penes
628 3517 708 3580 quos
737 3496 771 3560 in
797 3494 964 3579 republica
995 3516 1119 3561 summa
1147 3501 1292 3578 potestas
1315 3504 1396 3576 erat,

259 3675 324 3684 ...η-
329 3672 443 3686 -νγ---υφ-
448 3671 464 3680 -s

327 3755 354 3822 9)
372 3752 449 3820 Quod
466 3751 560 3804 monui
579 3749 642 3819 quia
659 3748 790 3803 Boeokhii
811 3749 896 3802 verba
919 3747 955 3802 ad
974 3749 1004 3802 C.
1022 3748 1044 3802 1.
1065 3747 1112 3802 Gr.
1135 3765 1163 3800 n.
1182 3749 1244 3802 246.
1288 3743 1400 3816 „Tertia

256 3842 345 3910 (τάξις)
368 3845 410 3895 est
428 3839 527 3905 ἠϊθέων
550 3840 657 3907 ἐφήβων
673 3838 815 3906 aucupor,
837 3837 910 3906 quod
935 3836 1062 3891 convenit
1086 3836 1114 3890 in
1139 3835 1259 3904 ephebos
1284 3849 1330 3886 eos
1355 3833 1400 3900 qui

257 3934 293 3992 sic
309 3931 415 3999 ἄνδρας
433 3929 650 3998 ἐγγεγραμμένοι
668 3925 810 3982 dicuntur“
829 3926 957 3996 ambigua
973 3929 1043 3993 sunt,
1063 3942 1145 3993 quum
1155 3925 1194 3978 ita
1209 3923 1327 3992 intelligi
1338 3939 1399 3990 poe·

258 4024 321 4092 sint,
339 4025 467 4089 tenquem
485 4034 541 4070 non
557 4033 651 4071 omues
676 4015 776 4085 ephebi
799 4017 836 4074 εἰς
854 4015 957 4084 ἄνδρας
976 4013 1192 4086 ἐγγεγραμμένοι
1218 4012 1326 4067 tireriut.
1364 4012 1401 4066 Et

258 4129 288 4165 re
306 4128 370 4165 vera
396 4109 436 4162 ite
462 4106 598 4161 intellexit
614 4104 742 4159 Kreusius
759 4104 773 4156 1
791 4123 819 4174 p.
839 4107 901 4166 269.
939 4103 1034 4174 „Naoh
1051 4103 1177 4158 Boeokhs
1193 4102 1324 4170 Meiuung
1341 4107 1398 4154 ver·

258 4205 348 4253 traten
371 4197 416 4252 die
439 4197 553 4251 ditesten
579 4196 721 4251 denselben
747 4192 807 4261 (der
824 4193 968 4263 Epheben)
993 4192 1037 4247 die
1064 4192 1160 4262 dodon
1183 4191 1212 4246 in
1231 4191 1280 4246 der
1299 4193 1400 4260 emtge-

259 4292 380 4342 nannten
398 4285 551 4342 Iuschril't.“
