2984 5036
654 356 693 416 21

104 525 220 584 cantur
237 519 289 604 ¹¹).
341 519 464 586 Deinde
496 542 572 587 vero
604 545 831 609 nonnunquam
860 547 923 590 non
950 526 990 592 de
1013 526 1154 608 duobus,
1187 529 1241 593 sed

102 623 143 688 de
185 621 331 706 pluribus
368 623 485 690 dicitur
514 623 611 712 ((1.1.
636 627 691 693 Gr.
722 633 795 694 273.
829 629 902 692 ou.
926 633 962 709 Γ)
980 652 1012 714 p.
1036 637 1099 696 284
1129 628 1160 694 αἱ
1190 631 1244 695 ἐπὶ

107 726 161 790 Κλ.
173 729 364 809 Χρυσίππου
386 728 500 814 ἔφηβοι
524 729 614 812 φίλοι
636 736 690 794 καὶ
713 733 861 796 σνστάται
882 738 1054 814 μείναντες.
1075 741 1156 819 Ap.
1177 737 1241 819 73).

103 830 154 895 Ibi
182 831 283 914 magis
318 832 491 897 universali
515 836 674 904 sententia
705 859 760 902 eos
791 838 846 922 qui
877 837 972 903 simul
1001 840 1035 904 in
1057 841 1125 904 acie
1155 846 1243 904 stant

104 933 156 1019 (cf.
180 935 396 1019 παραστάτης)
418 935 468 1001 vel
490 938 720 1005 commilitones
742 941 901 1025 significat
918 943 971 1027 ¹²).
1293 938 1298 946 ’

190 1036 335 1123 Denique
370 1041 404 1104 in
437 1061 501 1106 uno
532 1042 627 1107 titulo
650 1042 748 1128 (0.1.
773 1043 830 1109 Gr.
855 1045 932 1132 269)
955 1047 1039 1110 inest
1067 1065 1128 1109 vox
1150 1061 1242 1106 συν-

102 1142 333 1224 τρίκλεινοι
347 1144 388 1229 ¹⁵)
412 1145 490 1210 satis
512 1147 740 1228 memorabilis,
763 1169 860 1231 quum
883 1149 952 1213 sine
975 1148 1072 1213 dubio
1095 1147 1135 1212 ad
1159 1168 1242 1240 com·

103 1267 215 1311 munes
236 1247 431 1330 epheborum
455 1271 549 1315 cenas
573 1252 745 1333 pertineat,
769 1252 808 1317 de
831 1253 948 1335 quibus
970 1259 1141 1336 praeterea
1162 1251 1240 1316 nihil

103 1375 230 1418 ecimus.

637 1479 664 1563 ς.
689 1483 719 1541 2.

191 1593 270 1660 Cum
292 1596 438 1663 omnibus
466 1597 628 1682 prioribus
658 1598 757 1664 etiam
784 1597 963 1664 Boeckhius
994 1599 1050 1685 (ad
1078 1597 1115 1664 (1.
1136 1599 1161 1662 Ι.
1185 1597 1240 1662 Gr.

102 1721 132 1763 n.
158 1702 235 1783 287)
258 1700 386 1765 iuvenes
408 1701 532 1767 Atticos
562 1702 624 1766 hac
647 1723 774 1786 quoque
804 1707 913 1767 aeta-te
941 1724 1000 1785 per
1021 1701 1241 1767 bienniumin

101 1802 233 1886 ephebis
255 1803 352 1869 tuisse
374 1807 509 1888 putavit.
555 1806 617 1870 Sed
641 1829 680 1870 ex
701 1806 965 1888 inscriptionibus
981 1827 1084 1890 nuper
1104 1806 1240 1870 inventis

102 1912 255 1989 apparet,
279 1907 344 1971 iam
369 1906 524 1991 ephebiae
546 1914 673 1992 tempus
703 1909 736 1973 in
763 1931 861 1973 ανααν
893 1931 1011 1974 annum
1039 1914 1241 1974 contractum

100 2030 181 2074 esse.
226 2009 308 2074 Nam
328 2011 468 2092 primum
491 2011 618 2094 quidem
644 2010 733 2075 tituli
756 2032 882 2093 semper
904 2012 943 2077 de
965 2013 1004 2077 iis
1027 2013 1153 2093 dieunt,
1186 2013 1241 2096 qui

100 2118 188 2178 certo
210 2113 351 2196 quodam
372 2135 457 2179 anno
489 2115 605 2198 ephebi
633 2115 761 2179 fuerint.
808 2115 901 2192 Quod
929 2137 1004 2181 vero
1035 2115 1239 2182 Cumanudes

101 2215 191 2298 (Φιί.
221 2221 256 2278 A
273 2238 305 2299 p.
335 2218 390 2301 54)
420 2218 537 2282 statuit
566 2216 604 2280 'oi
633 2217 864 2301 ἐφηβενσαντες
895 2218 949 2281 cnr
982 2265 1053 2283 ...
1087 2221 1240 2305 ἄρχοντας

100 2319 280 2402 significare
295 2341 350 2386 eos
374 2321 428 2405 qui
450 2321 506 2386 illo
520 2321 673 2386 archonte
695 2322 810 2405 ephebi
826 2343 896 2387 esse
917 2324 1104 2406 inceperint,
1124 2328 1238 2392 iameo

100 2424 268 2508 refutatur,
286 2424 371 2509 quod
386 2424 488 2490 multo
509 2425 638 2509 saepius
654 2426 752 2490 etiam
763 2425 867 2490 altera
878 2425 1017 2492 formula
1034 2427 1064 2491 οἱ
1079 2429 1192 2514 ἔφηβοι
1207 2427 1238 2492 οἳ

98 2529 150 2592 ἐπὶ
172 2575 180 2592 .
203 2576 211 2593 .
236 2575 244 2591 .
267 2576 275 2593 .
296 2529 632 2612 dpxorccginvenitur.
667 2528 757 2617 (ott.
778 2533 872 2594 inser.
898 2536 913 2595 1
938 2554 966 2596 v.
980 2535 1009 2595 5.
1034 2537 1085 2597 25.
1109 2539 1161 2614 47,
1186 2539 1237 2598 53.

100 2637 152 2697 57.
186 2638 204 2697 2
234 2656 261 2698 v.
293 2638 322 2698 6.
355 2639 394 2699 92
423 2633 479 2721 al.)
497 2635 532 2720 ¹).
584 2633 647 2700 Sed
675 2633 792 2699 dixerit
825 2635 959 2718 aliquis,
989 2635 1041 2701 his
1073 2637 1237 2703 vocabulis

92 2742 253 2822 ‚utrosque
275 2737 464 2822 significari,
494 2744 528 2804 et
549 2739 678 2822 eosqui
699 2737 754 2802 illo
777 2739 847 2823 ipso
877 2739 1031 2806 archonte
1054 2741 1180 2807 demum
1203 2743 1236 2806 in

97 2841 295 2926 epheborum
315 2863 482 2908 numerum
504 2843 626 2927 recepti
647 2843 727 2924 sint,
764 2847 797 2906 et
819 2827 874 2926 qui
895 2843 961 2907 iam
982 2842 1120 2910 alterum
1142 2845 1235 2931 ephe·

97 2951 173 3015 biae
194 2970 313 3014 annum
335 2954 444 3032 agant.
494 2948 538 3014 At
560 2947 599 3013 de
620 2946 751 3026 iisdem,
786 2949 842 3030 qui
869 2948 960 3013 initio
992 2949 1068 3014 anni
1089 2950 1235 3032 inscripti

97 3074 169 3118 esse
200 3053 364 3134 dicuntur,
392 3054 426 3117 in
453 3052 516 3117 fine
549 3052 715 3118 titulorum
742 3051 861 3117 dieitur
890 3051 1101 3137 „incrq'ooerro
1123 3052 1160 3116 δὲ
1182 3054 1238 3136 τὴν

97 3157 268 3234 entorses
301 3160 338 3246 τῇ
360 3155 462 3246 βουλῇ
486 3152 545 3219 ἐπ’
566 3154 697 3242 ἐξόδῳ
728 3161 795 3242 τῆς
816 3158 1037 3243 ἐφηβείας·
1070 3156 1132 3222 hoc
1160 3177 1235 3221 vero

95 3263 176 3328 nihil
197 3262 285 3328 aliud
308 3260 488 3345 significare
509 3265 616 3343 potest
637 3262 700 3328 nisi
722 3285 819 3347 quum
841 3265 904 3347 ipsi
924 3263 1062 3352 (omnes)
1087 3281 1126 3325 ex
1141 3259 1235 3342 ephe-

172 3415 215 3482 11)
232 3413 374 3466 Eiusmodi
401 3413 542 3482 complura
559 3414 636 3483 paria
658 3421 833 3470 recensentur
853 3417 882 3470 G.
900 3416 922 3470 1.
939 3415 987 3470 Gr.
1006 3417 1075 3484 268,
1101 3430 1116 3467 e
1139 3413 1236 3483 quibus

95 3501 226 3554 nonnulla
258 3501 338 3554 simul
363 3500 478 3555 fratrum
509 3505 581 3555 sunt.
617 3503 723 3556 Eadem
746 3504 774 3557 vi
798 3504 957 3574 accipienda
985 3507 1027 3557 est
1057 3519 1111 3557 vox
1135 3504 1196 3554 carr.
1215 3509 1239 3553 Γ

94 3610 123 3660 p.
144 3593 197 3644 351
217 3591 363 3656 lpqplriouc
381 3619 415 3628 -
435 3589 575 3659 ἀνέγραψε
593 3589 637 3642 τὸν
656 3594 780 3657 coercitor
798 3592 844 3646 καὶ
863 3593 1021 3662 aeripedem

169 3681 213 3748 12)
231 3677 302 3732 Nam
319 3677 449 3732 Boeclrhii
465 3678 611 3748 explicatio
629 3679 692 3750 „hio
711 3681 810 3750 ephebi
826 3681 918 3752 plures
936 3699 1017 3750 quam
1037 3680 1091 3735 duo
1116 3679 1237 3732 σνστάται

94 3770 235 3836 dicuntur,
260 3767 310 3822 sed
329 3766 387 3822 bini
404 3767 511 3838 singula
527 3769 604 3837 paria
622 3769 760 3824 efficiunt“
780 3770 847 3824 mihi
872 3787 927 3824 non
954 3768 1100 3835 satisfecit,
1122 3768 1185 3836 quie
1207 3768 1236 3824 id

93 3864 183 3930 ipsum
195 3859 285 3927 aliquo
298 3857 380 3911 modo
391 3856 541 3911 indicatum
551 3858 665 3928 vellem,¹
677 3859 712 3912 de
726 3859 838 3929 singulis
855 3859 964 3928 peribus
974 3858 1150 3928 cogitandum
1169 3874 1237 3911 esso.

169 3949 212 4018 13)
231 3949 306 4002 Haec
324 3945 438 4000 sortasse
461 3945 545 4000 etiam
564 3951 617 4015 Ep.
637 3945 700 4018 ἆρχ.
721 3951 791 4002 2603
816 3947 982 4004 restituenda
999 3951 1058 4016 cst,
1081 3947 1129 4000 ubi
1146 3963 1236 4015 super-

93 4042 156 4093 sunt
173 4037 268 4091 literae
287 4041 313 4088 Σ
317 4041 409 4087 rur?
426 4070 434 4088 .
453 4072 460 4086 .
479 4036 659 4105 (συντρόφους
677 4027 813 4107 Pittakis).

171 4128 194 4195 1)
211 4127 298 4180 Multo
316 4125 404 4180 minus
421 4125 504 4180 etism
527 4125 557 4178 id
574 4125 685 4194 probari
702 4113 807 4196 potest,
835 4126 908 4195 qnod
926 4125 1098 4180 Gumanudes
1119 4120 1236 4180 ἐνιαυτὸς

92 4214 255 4272 vocabulum
287 4215 322 4284 {in
352 4214 393 4268 his
424 4215 510 4270 titulis
540 4215 654 4270 duorum
679 4231 811 4268 annorum
846 4215 962 4283 spatium
993 4212 1145 4283 significare
1163 4211 1237 4277 vult;

91 4305 175 4375 quod,
194 4303 286 4358 utalia
303 4305 437 4372 omittam,
454 4303 508 4358 iam
527 4308 671 4374 propterea
688 4319 845 4372 perversum
863 4309 912 4373 est,
930 4302 993 4371 quia
1010 4317 1090 4369 saepe
1109 4300 1172 4354 huic
1190 4318 1238 4358 vo·

92 4393 192 4450 cabulo
211 4409 310 4446 nomen
327 4393 464 4449 archontis
481 4392 592 4450 additur
610 4391 701 4462 (inser.
722 4395 735 4446 1
755 4411 782 4447 r.
802 4396 845 4447 24.
865 4395 881 4444 2
900 4409 926 4446 v.
944 4393 987 4446 57.
1007 4393 1023 4444 3
1042 4407 1068 4443 v.
1087 4392 1141 4459 70).
