2984 5036
632 277 728 373 '11

137 477 330 544 Schaeierus
352 498 383 562 p.
402 482 441 544 36
464 479 592 546 licuisse
614 479 742 563 quidem
764 478 860 558 dicit,
883 475 939 542 sed
961 476 1149 561 plerumque
1168 474 1287 542 factum

136 605 206 650 non
238 601 325 664 esse,
363 601 463 666 quum
492 581 607 666 ephebi
635 603 694 667 per
726 587 830 648 totum
858 581 925 646 fere
957 580 1111 665 ephebiae
1132 580 1288 665 temporis

137 684 279 752 Athenis
304 685 464 753 abessent.
508 687 553 753 Et
571 707 650 753 sane
672 687 748 753 huic
768 685 1005 753 concedendum
1028 685 1108 767 erit,
1132 705 1197 750 non
1218 684 1287 768 lege
1406 765 1409 772 Δ

137 787 282 872 quadam
312 790 448 855 vetitum
481 789 591 856 luisse.
656 789 777 855 Tamen
806 809 850 854 ex
877 809 932 869 co,
974 787 1061 872 qnod
1100 788 1187 873 apud
1221 788 1287 852 De.

123 892 256 986 meeth.
291 895 353 974 44,
397 898 449 958 35.
505 897 775 960 commemoratur
814 894 916 968 πίναξ
953 891 1206 978 ἒκκλησιαστικός
1252 893 1287 958 in

136 1019 236 1082 quern
269 1004 385 1082 postea
419 1019 516 1082 quam
548 1000 582 1065 in
615 999 824 1064 lexiarchicas
846 995 976 1064 tabulas
997 997 1080 1062 illati
1103 997 1184 1078 sint,
1216 997 1287 1062 iure

135 1100 318 1168 Boeckhins
349 1101 516 1186 collegisse
547 1103 625 1168 mihi
655 1104 784 1170 videtur
810 1122 900 1168 more
933 1102 1096 1167 constanti
1120 1105 1286 1185 receptum

135 1205 238 1271 fuisse
259 1211 297 1271 ut
319 1206 405 1272 inter
425 1207 514 1273 illam
534 1207 776 1291 inscriptionem
805 1211 838 1270 ct
865 1205 916 1270 ius
937 1206 972 1270 in
1001 1205 1139 1272 comitiis
1161 1205 1287 1270 dicendi

136 1309 340 1393 aliquantum
361 1312 516 1394 temporis
538 1311 753 1396 interesset9).
798 1309 902 1393 Magis
921 1313 1028 1374 autem
1043 1309 1196 1375 Boeckhii
1216 1331 1285 1376 sen·

134 1413 276 1477 tentiam
308 1413 498 1479 confirmare
529 1414 610 1478 mihi
643 1413 791 1494 videtur,
825 1412 909 1494 quod
937 1413 1117 1495 posteriore
1141 1418 1286 1498 tempore

124 1515 194 1601 '(cf.
217 1535 288 1599 cap.
309 1514 363 1582 IV.
393 1517 422 1601 ᾖ.
449 1520 476 1581 1.
500 1519 545 1601 2.)
575 1516 718 1582 remita
745 1515 930 1580 institutam
950 1515 1050 1581 fuisse
1083 1516 1215 1598 scimus,
1248 1523 1286 1584 ut

137 1617 257 1702 ephebi
289 1617 407 1685 armati
437 1621 616 1686 assiderent
647 1619 777 1704 quidem
802 1618 940 1684 comitiis
963 1618 1109 1686 sednon
1131 1619 1283 1688 dicerent.

135 1722 220 1788 Nam
244 1723 375 1807 ephebis
402 1723 453 1789 ius
476 1723 607 1809 aliquod
630 1723 716 1808 quod
745 1726 821 1789 ante
846 1722 1020 1788 habuerint
1041 1729 1157 1807 postea
1178 1726 1285 1792 adem·

136 1833 209 1892 tum
231 1847 301 1892 esse
322 1827 494 1892 verisimile
515 1851 580 1894 non
601 1834 666 1910 est,
689 1832 863 1911 propterea
884 1827 971 1910 quod
993 1827 1052 1894 sub
1073 1827 1285 1895 Macedonum

137 1936 173 1996 et
195 1917 410 1996 Rornanorum
442 1931 659 1998 dominatione
687 1931 722 1997 in
750 1936 845 1996 tanta
868 1951 976 1996 rerum
997 1930 1199 2014 publicarum
1220 1934 1285 1998 exi·

136 2034 264 2119 gnitate
285 2037 319 2099 et
349 2034 494 2101 vanitate
521 2036 646 2101 indies
675 2035 814 2100 maiores
835 2033 974 2100 honores
1002 2033 1134 2117 ephebis
1155 2035 1284 2119 publice

137 2136 375 2220 tribuebantur,
398 2137 446 2204 ita
459 2135 504 2205 ‘ut
525 2146 689 2224 postremo
703 2139 802 2203 etiam
819 2158 953 2203 munera
975 2141 1133 2222 quaedam
1154 2143 1285 2225 publica

137 2250 172 2309 et
204 2245 283 2310 satis
321 2245 432 2329 gravia
461 2245 507 2309 eis
539 2244 804 2328 permitterentur
833 2242 885 2327 (cf.
919 2263 988 2326 cap.
1010 2245 1051 2308 Π.
1084 2250 1113 2327 ξ.
1128 2251 1159 2310 4.
1190 2251 1220 2328 6,
1238 2249 1282 2332 2).

138 2347 257 2427 Quidni
277 2347 374 2432 igitur
405 2346 491 2412 hunc
512 2368 649 2427 morem,
682 2347 800 2430 quippe
831 2347 887 2431 qui
915 2353 983 2412 tam
1011 2347 1093 2414 bene
1115 2351 1283 2416 conveniat

137 2470 210 2517 curn
231 2473 269 2518 eo
292 2451 379 2536 quod
402 2471 502 2534 supra
529 2451 701 2516 statuimus
731 2455 831 2518 totius
853 2454 995 2519 instituti
1017 2451 1149 2520 consilio
1172 2459 1206 2520 et
1226 2475 1282 2520 na·

136 2562 222 2640 tura,
246 2557 344 2623 etiam
365 2555 441 2621 huic
462 2554 565 2639 priori
585 2557 724 2637 tempori
745 2556 967 2622 vindicamus?

665 2727 747 2811 ss-
842 2747 848 2753 ’

159 2885 165 2900 .
223 2848 434 2914 iureiurando
455 2847 522 2928 illc,
545 2847 631 2930 qnod
653 2849 687 2913 in
708 2847 843 2932 Aglauri
863 2850 983 2932 templo
1005 2845 1122 2928 fiebat,
1144 2846 1178 2912 id
1200 2848 1281 2914 indi·

138 2956 241 3033 catur,
265 2951 351 3034 qnod
372 2972 431 3035 per
453 2955 566 3015 totum
580 2933 702 3015 liberae
723 2951 918 3034 reipublicae
938 2959 1067 3038 tempus
1088 2954 1204 3036 valuit,
1238 2956 1281 3020 ci·
1406 3007 1410 3012 .

137 3053 185 3122 vis
207 3061 241 3122 et
271 3055 384 3120 militis
413 3053 533 3120 efficias
546 3053 594 3117 ita
619 3053 705 3117 inter
733 3074 768 3118 se
799 3054 970 3136 coniuncta
992 3079 1062 3122 esse
1083 3064 1120 3123 nt
1143 3058 1280 3124 discerni

137 3161 267 3228 omnino
294 3164 467 3246 nequeant.
513 3157 619 3236 Quare
645 3158 679 3223 id
708 3157 758 3224 vel
780 3159 917 3224 maxime
940 3163 1065 3228 emovit
1083 3161 1277 3246 respublica,

137 3269 173 3330 ut
195 3264 311 3347 ephebi
332 3264 455 3332 strenui
486 3261 603 3337 milites
633 3261 764 3342 fierent3
797 3283 880 3346 quae
909 3267 1097 3333 exercitatio
1128 3267 1279 3333 militaris

137 3373 203 3432 tam
225 3368 394 3434 coniuncta
414 3373 465 3434 est
485 3388 558 3432 cnm
571 3367 724 3458 ephebia,
752 3370 790 3431 nt
810 3368 909 3432 etiam
929 3368 1047 3434 infimis
1069 3371 1278 3453 temporibus,

68 3502 71 3579 q
136 3471 192 3538 nbi
212 3472 277 3538 iam
299 3475 401 3572 omnip
421 3473 523 3538 virtus
538 3471 688 3536 militaris
711 3491 729 3536 e
750 3471 868 3555 populo
881 3473 1070 3540 Atheniensi
1094 3481 1276 3555 evanuerat,

136 3580 244 3641 tamen
265 3575 317 3640 hic
338 3599 407 3642 mos
429 3578 632 3643 retineretur.

110 3717 112 3724 ,
220 3678 463 3746 Exercebantur
483 3682 584 3765 igitur
606 3680 720 3764 ephebi
742 3701 801 3762 per
821 3678 895 3744 illos
918 3678 998 3744 duos
1021 3700 1122 3746 annos
1144 3682 1191 3746 ita
1209 3681 1278 3766 qui·

136 3781 217 3865 dem,
240 3790 277 3849 ut
297 3784 437 3868 primum
459 3809 517 3870 per
538 3787 671 3871 aliquod
696 3793 823 3867 tempus
845 3782 979 3848 Athenis
995 3803 1164 3850 armorum
1182 3799 1280 3852 insum

95 3844 106 4017 ‘A
137 3894 169 3954 et
199 3909 251 3954 res
278 3889 413 3956 tacticas
436 3891 597 3958 discerent
619 3890 672 3977 (ci.
695 3909 765 3973 cap.
787 3887 843 3968 111,
867 3890 896 3969 ξ.
922 3888 965 3972 3.)
987 3888 1102 3954 deinde
1132 3891 1277 3957 circuito·
1363 3917 1364 3920 ¹

137 4019 341 4028 ana—.—

55 3226 70 3263 N

206 4072 233 4142 9)
251 4072 355 4127 Lucicn
371 4074 431 4145 Iup.
448 4080 519 4145 trag.
538 4093 562 4130 c.
582 4079 626 4130 20.
642 4081 788 4147 propterea
804 4077 867 4132 huic
891 4077 1040 4132 sententiae
1057 4076 1197 4132 obmoveri
1223 4095 1277 4132 non

137 4161 233 4229 potest,
250 4177 332 4228 quum
351 4179 384 4216 ex
400 4165 491 4218 verbis
509 4165 684 4234 πρόπαλαι
707 4165 772 4237 μὲν
799 4167 832 4226 ἐξ
855 4166 993 4235 ἐφήβων
1018 4165 1181 4236 γεγονώς,
1203 4167 1277 4236 ἔγγε-

137 4247 291 4318 γραμμένος
308 4249 337 4302 δὲ
354 4250 392 4311 εἰς
409 4250 436 4304 τὸ
461 4253 511 4304 τῶν
529 4250 633 4306 dridexc
652 4254 820 4326 ληξιαρχικὸν
838 4258 981 4326 appareat,
1005 4256 1164 4324 scriptorem
1185 4273 1275 4309 veram

25 4369 31 4386 .
135 4335 321 4394 mirationem
341 4355 449 4410 prorsus
467 4340 600 4397 tmbasse.
