2984 5036
777 257 847 318 lo·

227 429 293 504 est,
325 443 510 508 quanquam
531 423 630 490 etiam
648 424 683 489 in
704 423 755 488 his
783 423 881 489 rebus
903 421 1064 507 permulta
1094 423 1232 490 vanitati
1259 430 1293 491 et
1323 446 1376 491 os·

225 528 397 594 tentationi
419 528 591 595 tribuenda
613 535 697 613 sunt,
719 535 828 592 temen
850 527 883 592 in
914 547 953 591 ea
975 538 1058 594 cura'
1084 531 1117 592 et
1146 527 1375 608 sollicitudine,

227 655 292 716 qua
320 638 392 698 tota
423 631 760 722 civitas-epheborum
783 630 900 720 ,studia
930 630 1136 713 prosequitur
1165 629 1218 716 (cl.
1250 651 1321 714 cap.
1343 632 1376 696 II

228 738 256 818 ξ.
284 737 400 823 lsqq.)
422 737 514 802 illum
536 734 745 800 humanitatis
775 754 904 798 sensum
930 734 1058 816 penitus
1086 733 1218 799 insitum
1240 733 1374 800 Atheni·

179 867 180 870 *
228 839 351 904 ensium
373 838 487 903 animis
511 859 684 922 agnoscere
701 837 793 918 licet,
818 835 873 920 qui
894 834 1005 900 umuti
1028 837 1142 902 ciuium
1165 843 1198 902 et
1219 837 1375 925 reipubli-

229 963 285 1007 oae
307 943 470 1026 potentiae
491 948 559 1008 tem
584 943 639 1008 diu
662 945 825 1024 superstes
847 938 924 1004 fuit:
953 945 985 1004 et
1007 940 1041 1003 in
1063 961 1102 1006 ea
1123 941 1247 1023 pietate
1269 946 1303 1006 et
1323 961 1375 1007 re·

229 1046 362 1130 ligione,
381 1067 446 1128 qua
468 1044 584 1129 ephebi
606 1045 648 1110 ad
670 1051 800 1128 patrum
821 1043 972 1107 instituta
993 1047 1026 1107 et
1048 1064 1142 1108 sacra
1160 1043 1374 1126 observanda,

229 1148 271 1214 ad
292 1155 439 1233 patrum,
471 1147 629 1233 aquibus
657 1153 828 1230 tantopere
850 1146 1135 1228 degeneraverant,
1162 1147 1262 1213 sortia
1285 1147 1377 1216 facta

229 1252 422 1317 celebranda
450 1252 704 1318 instituebantur
735 1251 778 1338 (v.
802 1271 871 1334 cap.
885 1249 927 1331 IV
951 1249 979 1333 ξ.
1003 1253 1032 1330 2,
1060 1253 1175 1338 lsqq.)
1197 1255 1283 1320 inest
1314 1254 1375 1320 ali·

185 1343 191 1352 .
229 1356 304 1439 quid
328 1355 414 1439 quod
436 1355 560 1422 animos
583 1363 712 1422 nostros
727 1361 863 1426 moveat.
908 1353 1022 1437 Itaque
1045 1356 1213 1422 etiamtum
1228 1357 1376 1424 Athenae
1471 1337 1472 1368 ¹

229 1459 441 1527 humanitatis
462 1460 558 1526 laude
584 1457 756 1540 florebant,
787 1461 835 1525 ita
856 1463 893 1524 ut
911 1457 1051 1542 undique
1074 1480 1091 1524 e
1114 1459 1269 1544 Graecia,
1298 1482 1375 1527 mox

231 1567 327 1630 etiam
344 1565 457 1645 Roma,
481 1565 670 1630 advenirent
690 1565 819 1629 invenes
842 1563 898 1646 qui
919 1562 1114 1646 epheborum
1137 1565 1375 1632 exercitationi·

231 1669 291 1734 bus
314 1674 346 1732 et
369 1667 598 1734 certaminibus
620 1667 775 1734 interesse
798 1672 830 1750 et
852 1668 953 1734 literis
984 1689 1115 1751 operam
1143 1668 1223 1734 dare
1243 1669 1373 1751 vellent,

232 1779 264 1836 et
285 1793 401 1838 norrun
423 1771 591 1855 quendam
615 1768 817 1853 splendorem
838 1769 992 1854 ephebiae
1013 1771 1141 1837 Atticae
1169 1769 1373 1838 addiderrmt.

317 1877 438 1943 Tamen
459 1875 670 1954 haecomnia,
694 1894 790 1956 quum
806 1874 908 1940 virtus
930 1873 1031 1942 civilis
1054 1875 1244 1958 evomuisset,
1267 1874 1375 1942 labem

231 1981 371 2046 civitatis
393 1980 495 2062 magis
517 1978 683 2061 magisque
710 1976 886 2042 irruentem
909 1979 1066 2044 sustinere
1094 1999 1159 2044 nou
1187 1985 1372 2062 potuerunt.

232 2085 321 2162 Quae
344 2105 407 2168 quo
435 2081 590 2149 vanitatis
613 2086 645 2146 et
674 2079 865 2146 humilitatis
897 2079 1076 2164 paullatim·
1096 2083 1290 2173 processerit
1319 2082 1374 2148 de·

180 2215 184 2224 ·
231 2175 414 2273 monstrant
436 2208 530 2253 sacra
555 2187 786 2269 imperatorum
807 2184 1040 2266 Romanorum,
1071 2206 1155 2268 quae
1176 2185 1218 2252 ab
1242 2185 1373 2269 ephebis

231 2311 356 2358 summa
378 2289 563 2356 adulatione
586 2287 832 2355 celebrabantur
849 2287 902 2375 (cf.
914 2286 958 2352 IV
980 2288 1041 2371 §.2
1065 2287 1119 2374 B).
1166 2286 1273 2365 Quare
1294 2288 1374 2354 mihi

232 2391 360 2480 quidem
381 2415 445 2460 non
478 2391 649 2486 dolendum
671 2392 814 2478 videtur,
843 2390 929 2478 quod
959 2391 1045 2456 cirea
1073 2391 1202 2456 initium
1230 2392 1320 2457 tertii
1340 2413 1372 2475 p.

131 2493 145 2518 ‘
232 2501 288 2566 Oh.
311 2499 431 2566 saeculi
452 2499 514 2564 hae
537 2519 646 2564 omnes
678 2495 736 2562 res'
759 2495 866 2562 subito
898 2516 936 2560 ex
969 2493 1068 2560 oculis
1091 2495 1211 2560 nostris
1245 2493 1373 2562 subtra-

231 2603 403 2686 huntur*).

631 2783 768 2841 CAPUT
792 2783 972 2840 PRIMUM.

500 2911 557 2980 ou
579 2860 763 2978 mimam
784 2907 830 2987 m
852 2908 1107 2976 uurvnusuu.

764 3080 791 3162 q.
817 3081 844 3140 1.

419 3217 460 3271 De
478 3214 645 3284 epheborum
663 3210 818 3267 conditione
835 3210 916 3281 civili,
934 3229 1062 3284 nurnero,
1080 3214 1188 3270 similia.

324 3338 350 3397 1.
394 3331 464 3398 Hoc
484 3338 629 3412 tempore
651 3347 715 3393 non
736 3331 773 3390 ut
797 3335 894 3393 antea
924 3349 1033 3394 omnes
1056 3332 1156 3412 cives,
1193 3332 1248 3414 qui
1270 3331 1373 3417 legiti-
1473 3335 1474 3410 ζ

186 3451 188 3454 ’
233 3457 319 3503 mam
341 3441 481 3501 aetatem
503 3431 650 3516 agebant,
672 3431 706 3495 in
724 3428 920 3530 epheborum
941 3454 1109 3500 numerum
1130 3441 1277 3519 receptos
1303 3457 1373 3504 esse

233 3541 377 3608 homines
400 3537 487 3602 docti
509 3557 549 3602 ex
571 3535 684 3618 exiguo
705 3534 917 3617 epheborum,
949 3538 1058 3619 quiin
1086 3540 1242 3622 catalogis
1264 3539 1373 3607 incisis

231 3643 436 3709 inveniuntur
457 3660 590 3706 numero
612 3637 807 3718 collegerunt
820 3635 855 3724 ¹).
899 3638 982 3706 Nam
1010 3641 1103 3706 initio
1132 3642 1228 3708 huius
1257 3643 1374 3710 aetatis

122 3819 125 3826 ,
233 3747 300 3813 fere
332 3751 460 3811 centum
487 3750 520 3810 et
548 3741 783 3829 quinquaginta
812 3743 928 3825 ephebi
957 3744 1130 3827 quotannis
1163 3745 1296 3811 inscribi
1325 3768 1374 3812 so·

167 3841 171 3853 ’
232 3852 317 3928 lent,
346 3849 402 3932 qui
423 3869 574 3952 numerus
603 3851 717 3929 postea
746 3846 843 3912 etiam
873 3845 1039 3930 aliquanto
1068 3849 1238 3931 minuitur,
1274 3849 1375 3916 donec

303 4016 328 4088 ⁸³)
345 4015 533 4071 Recentissimi
557 4014 643 4086 tituli,
668 4016 696 4068 in
719 4016 816 4084 quibus
838 4016 1005 4086 epheborum
1032 4020 1133 4072 mentio
1156 4018 1188 4072 fit
1210 4035 1375 4089 quorumque

233 4103 426 4161 aetasomnino
445 4101 550 4158 definiri
561 4108 660 4174 potest,
679 4104 818 4159 Caracalla
834 4105 998 4175 imperatore
1010 4106 1154 4177 compositi
1171 4122 1229 4160 esse
1241 4106 1375 4162 videntur.

308 4196 333 4264 1)
351 4193 463 4249 Boeckh
480 4193 515 4247 ed
533 4194 564 4248 G.
580 4194 667 4286 l.·Gr.
685 4211 714 4248 n.
734 4197 797 4248 272.
837 4195 895 4250 Iam
920 4195 1046 4251 Cominus
1063 4197 1095 4250 F.
1113 4195 1146 4249 A.
1164 4194 1191 4248 11
1208 4212 1236 4263 p.
1257 4198 1309 4249 145
1331 4212 1373 4250 ex·

233 4283 326 4351 ignum
345 4281 513 4350 epheborum
530 4299 672 4338 numerum
690 4283 802 4336 miratus
820 4288 887 4336 erat.
