2984 5036
645 308 685 368 29

91 477 234 542 tulerum
266 477 392 542 illorum
426 479 532 542 aetate
566 472 726 555 disputavi
755 473 849 540 lacile
875 479 1027 557 apparet,
1061 473 1172 538 curin
1193 473 1232 536 iis
1310 470 1335 516 -’

93 582 194 646 etiam
217 581 395 664 complures
417 583 714 644 commemorentur.

182 682 303 748 Contra
331 685 562 766 imperatorum
600 686 743 764 tempore
778 680 866 746 illum
897 681 1067 766 στρατηγὸν
1101 679 1156 742 ἐπὶ
1195 680 1233 739 τὰ

93 785 181 850 ὅπλα
203 808 266 851 non
289 791 415 851 tantum
438 784 634 850 militaribus
653 786 824 865 exercitiis,
849 786 904 850 sed
927 784 1074 850 omnibus
1098 781 1233 866 ephebo·

90 911 165 953 rum
187 875 282 954 relius
304 891 522 974 praepositum
539 889 638 954 luisse
663 889 784 954 indicat
796 888 961 954 Plutarchi
981 888 1071 952 locus
1085 890 1232 968 'quaestt

91 1014 194 1075 symp.
222 993 286 1072 lx,
324 998 357 1073 1,
393 999 428 1058 1:
457 991 636 1074 Ἀμμώνιος
660 991 823 1078 Ἀθήνησι
858 1001 1036 1080 στρατηγῶν
1065 983 1234 1069 α’πόδττξιν

91 1094 209 1174 ἔλαβεν
231 1096 266 1158 ἕν
288 1099 331 1181 τῷ
353 1100 521 1182 Διογενείῳ
535 1099 561 1181 5)
594 1100 656 1160 τῶν
685 1097 856 1179 γράμματα
886 1101 940 1160 καὶ
963 1100 1154 1182 γεωμετρίαν
1181 1101 1234 1160 καὶ

91 1201 130 1260 τὰ
156 1197 305 1284 ῥητορικὰ
328 1205 382 1261 καὶ
403 1200 555 1284 μουσικήν
575 1200 815 1281 μανθανόντων
836 1198 977 1284 ἐφήβων.

179 1302 249 1366 Iam
279 1303 318 1367 ad
344 1323 398 1367 eos
421 1304 648 1387 magistratum
678 1305 732 1386 qui
754 1303 884 1386 proprie
914 1304 954 1368 ad
983 1303 1158 1368 iuventutis
1181 1324 1233 1367 ou·

91 1426 162 1468 ram
176 1405 269 1469 electi
291 1411 393 1488 erant,
415 1411 546 1472 transeo
556 1406 594 1491 ⁶).

620 1595 647 1678 p.
676 1598 706 1657 τ.

569 1729 610 1780 De
628 1727 761 1780 Cosmeta.

183 1847 402 1931 Incipiendum
424 1850 485 1914 erit
508 1849 549 1914 ab
574 1869 611 1914 eo
633 1848 841 1930 magistratu,
872 1844 927 1927 qui
949 1845 1047 1910 etiam
1069 1845 1102 1908 in
1129 1847 1235 1911 titulis
1313 1847 1315 1852 ’

95 1974 224 2034 semper
247 1952 349 2034 primo
376 1951 446 2016 loco
468 1951 601 2016 effertur
631 1958 663 2016 et
685 1949 825 2018 omniurn
854 1949 888 2012 in
917 1948 978 2012 hoc
1007 1969 1123 2031 genere
1152 1971 1235 2013 sum-

94 2077 167 2120 mus
191 2061 224 2120 et
244 2055 489 2120 honestissimus
513 2061 581 2135 est,
613 2061 755 2119 cosmeta
779 2055 804 2138 ).
855 2054 961 2136 Atque
984 2059 1033 2119 est
1058 2054 1086 2120 is
1108 2057 1236 2140 quidem

94 2160 304 2242 magistratus
336 2178 478 2238 annuus,
513 2157 546 2221 id
577 2158 660 2240 quod
691 2159 859 2223 etiamtum
880 2158 1015 2240 mansit,
1051 2180 1150 2242 quum
1172 2159 1235 2224 alia

95 2285 244 2342 munera,
274 2262 362 2326 velut
382 2260 630 2344 magistrorum,
661 2261 704 2326 ad
725 2262 810 2326 ritae
831 2267 958 2344 tempus
983 2270 1185 2328 sumerentur
1199 2265 1235 2345 2).

259 2413 302 2420 -·—⁴

169 2496 195 2566 5)
213 2497 256 2550 Ita
274 2497 428 2553 emendavit
446 2499 470 2552 Ε
490 2499 596 2554 Curtius
615 2502 634 2555 l.
652 2502 672 2554 l.
689 2518 717 2570 p.
737 2504 789 2554 337
807 2499 871 2553 libri
889 2500 964 2565 ἔλαβε
982 2497 1015 2566 τῷ
1034 2499 1173 2567 Δισγενίῳ.

166 2603 192 2671 6)
209 2602 316 2656 Nomen
335 2605 523 2674 συνάρχονας,
551 2624 603 2674 quo
621 2623 813 2674 nonnunquam
840 2604 868 2656 hi
892 2621 985 2657 omnes
1005 2603 1239 2672 comprehendor*

93 2696 147 2759 tur,
164 2707 219 2744 non
236 2696 266 2745 ut
285 2692 396 2760 quidam
414 2694 556 2748 voluerunt
573 2711 623 2764 per
642 2712 671 2748 so
688 2692 873 2764 positumhos
890 2693 1012 2745 homines
1034 2695 1163 2759 tanquam
1183 2693 1237 2748 col.

93 2779 197 2848 legium
216 2781 325 2848 aliquod
334 2781 477 2853 significat,
494 2785 544 2837 sed
562 2801 678 2854 semper,
695 2788 726 2836 ut
743 2783 772 2836 in
790 2782 922 2836 vocabulo
940 2781 1088 2849 συνέφηβος
1106 2785 1134 2834 et
1152 2781 1237 2858 omni-

92 2869 144 2922 bus
162 2868 282 2921 eiusdem
302 2870 416 2940 generis,
435 2872 546 2926 alicuius
564 2871 691 2942 hominis,
703 2872 777 2926 velut
795 2875 939 2939 cosmetae,
958 2867 1136 2939 συνάρχοντες
1154 2868 1237 2939 („col-

94 2955 202 3026 legae“)
221 2956 348 3010 dicuntur
365 2957 476 3024 (Krause
495 2962 508 3013 Ι
526 2979 554 3030 p.
573 2964 644 3030 217).
681 2961 775 3028 Itaque
792 2958 890 3013 Aesch.
909 2962 933 3028 2,
954 2962 1004 3013 169
1023 2960 1081 3012 iure
1098 2959 1236 3012 Bekkerus

96 3045 216 3098 restituit
236 3045 376 3114 ἄρχοντας.
423 3081 426 3086 -

167 3152 194 3221 1)
212 3152 272 3205 Hoc
290 3169 404 3222 nomen,
432 3170 484 3220 quo
502 3153 532 3206 in
548 3154 635 3207 titulis
654 3153 723 3206 nihil
738 3153 903 3222 frequentius
922 3156 971 3221 est,
1002 3152 1075 3220 apud
1093 3152 1238 3221 scriptores

95 3241 151 3293 fere
170 3257 302 3307 nusquam
325 3240 469 3294 invenitur.
514 3241 649 3310 Equidem
667 3245 723 3295 tres
741 3245 848 3296 tantum
865 3241 939 3294 locos
956 3239 1020 3294 novi
1037 3239 1107 3292 Plat
1125 3238 1238 3292 Axioch.

95 3331 149 3382 366
167 3327 191 3380 Ε
211 3326 249 3394 (in
267 3329 385 3382 Bekkeri
402 3329 522 3383 editione
539 3347 595 3383 non
606 3334 653 3397 *est
670 3316 842 3382 vocabulum:
862 3328 896 3382 de
914 3326 1052 3381 codicibus
1070 3327 1103 3379 B.
1119 3326 1148 3378 in
1166 3343 1238 3380 oom-

96 3417 235 3470 mentoriis
260 3417 328 3470 nihil
353 3418 438 3488 dicit).
475 3419 554 3472 Tales
582 3418 655 3488 apud
672 3419 749 3472 Stob.
771 3417 851 3472 fioril.
870 3420 918 3486 98,
944 3420 987 3470 72.
1024 3415 1168 3470 Erotianus
1185 3416 1238 3469 lex.

99 3505 231 3572 Hippocr.
248 3523 275 3559 v.
292 3507 403 3576 κόσμον.

168 3611 195 3674 2)
222 3609 309 3676 Quum
331 3610 384 3664 hoo
406 3613 604 3681 permultorum
629 3613 770 3667 titulorum
794 3611 956 3664 testimoniis
981 3609 1169 3664 confirmatum
1195 3610 1238 3677 sit,

94 3698 246 3752 Boeokhius
268 3716 349 3766 quam
366 3704 447 3754 antea
470 3707 648 3771 proposuerat
666 3702 865 3767 coniecturam,
885 3699 917 3752 O.
935 3699 957 3752 l.
976 3699 1023 3752 Gr.
1041 3684 1094 3752 395Ι
1113 3696 1239 3768 (μωμη-

93 3785 134 3851 τὴς
151 3787 203 3838 τῶν
215 3787 289 3838 θεῶν
308 3785 366 3839 διὰ
383 3787 570 3857 storstheim
587 3807 637 3859 pro
652 3789 724 3841 θεῶν
742 3787 915 3841 scribendum
927 3802 993 3855 esse,
1011 3786 1174 3855 ipsepostea
1191 3787 1239 3840 im·

93 3874 228 3943 probavit.
264 3875 358 3943 Neque
376 3876 444 3929 mihi
458 3877 550 3946 placet
567 3877 691 3932 Ahrensii
708 3863 843 3930 sententia
861 3877 905 3943 (ps
917 3874 962 3943 65)
980 3875 1026 3943 qui
1040 3873 1114 3928 huno
1131 3876 1239 3929 titulum

98 3963 127 4015 in
144 3964 296 4031 posteriora
314 3969 438 4035 tempora
453 3967 557 4038 reiicit,
587 3967 734 4036 exquibus
752 3965 857 4019 nullum
881 3964 991 4018 omnino
1011 3964 1045 4017 de
1061 3965 1141 4018 rebus
1160 3963 1240 4032 ephe·

95 4051 192 4106 borum
219 4051 422 4108 Atheniensium
450 4057 528 4110 nobis
555 4062 690 4111 servatum
717 4058 759 4108 est
777 4053 978 4122 testimonium,
1010 4069 1096 4120 neque
1122 4051 1241 4110 Bentleri

94 4137 135 4210 (p.
154 4141 200 4208 32)
219 4141 264 4208 qui
282 4142 413 4214 κοσμητὴν
430 4145 481 4196 τῶν
499 4147 568 4197 νέων
586 4146 620 4198 ab
639 4143 806 4213 epheborum
824 4147 946 4196 cosmeta
963 4141 1183 4210 distinguendum
1201 4141 1240 4194 di·

93 4227 148 4296 cit,
168 4227 207 4280 ita
225 4233 255 4281 ut
272 4230 307 4283 sit
323 4250 468 4300 puerorum.
506 4235 576 4288 Nam
594 4237 626 4288 ut
644 4232 778 4300 omittam,
797 4247 877 4299 quam
894 4231 993 4284 mirum
1013 4233 1095 4296 esset,
1113 4228 1185 4281 hune
1202 4229 1240 4282 al·

93 4323 182 4370 terum
201 4323 347 4372 cosmatem
365 4326 508 4388 praeterea
529 4339 661 4390 nusquam
679 4319 894 4388 commemorari,
922 4320 948 4369 ot
966 4319 1020 4369 νέω
1047 4316 1167 4384 quamvis
1187 4317 1239 4370 for·
