2984 5036
762 285 802 346 78

212 447 341 532 quidem
380 447 421 515 de
452 450 592 516 maxima
623 449 681 516 illa
716 469 834 535 pompa
862 449 1120 532 Panathenaico,
1154 450 1214 518 sed
1246 450 1357 534 potins

214 573 297 630 „von
332 552 421 620 einer
442 553 632 620 Procession
665 555 723 621 des
744 555 959 622 Pallasbildes
995 575 1038 622 an
1071 557 1175 622 einem
1208 553 1268 620 der
1297 555 1357 618 mit

211 656 421 738 ritterlichen,
444 658 650 741 gymnischen
670 659 738 725 und
750 661 932 725 musischen
945 657 1189 742 Wetthiimplen
1205 657 1357 724 boschit—
1483 713 1484 756 ἐ

211 761 316 843 tigten
337 759 422 844 Tage
451 760 510 826 der
528 761 809 828 Panathenaeen.“
853 761 917 828 Sed
946 783 1051 846 neque
1078 763 1119 828 de
1150 761 1211 828 tali
1237 779 1357 844 pompa

214 862 454 960 Gresbergerus
475 863 698 930 testimonium
719 865 847 945 attulit,
877 885 984 950 neque
1013 872 1169 950 qnantum
1198 885 1260 950 ego
1289 867 1355 932 scio

212 964 341 1041 aliunde
369 971 450 1032 nota
481 970 541 1032 est.
592 966 716 1032 Deinde
737 989 830 1050 vero,
853 969 888 1035 id
916 969 1004 1052 quod
1031 969 1110 1035 mihi
1132 971 1356 1054 gravismnnm

211 1069 354 1150 videtur,
386 1069 576 1136 vocabulum
599 1069 749 1157 Φαληροῖ
767 1071 807 1138 de
829 1070 1067 1138 Panathenaeis
1097 1073 1234 1156 cogitari
1254 1076 1355 1152 vetat,

212 1195 310 1258 quum
332 1173 400 1240 ludi
420 1173 469 1238 illi
499 1195 565 1241 non
585 1174 733 1256 Phaleri,
764 1176 822 1242 sed
849 1176 884 1242 in
905 1176 1131 1243 Echelidarum
1154 1177 1265 1258 demo,
1299 1175 1356 1242 ubi

212 1283 285 1343 erat
311 1277 555 1344 Atheniensium
585 1278 818 1362 hippodromus
851 1280 973 1366 (Meier
1002 1280 1085 1365 Allg.
1118 1281 1250 1365 Encyol.
1284 1281 1352 1344 Art.

211 1379 459 1447 Panathenaeen
488 1402 520 1465 p.
544 1383 632 1467 283),
667 1385 732 1449 acti
767 1385 841 1450 sint.
887 1384 1010 1451 Contra
1041 1405 1141 1469 quum
1158 1382 1354 1467 ,Oschopho

212 1486 333 1551 riorum
354 1505 506 1568 pompam
526 1485 562 1550 in
582 1485 725 1553 Palladis
746 1487 902 1573 templum
911 1488 1041 1554 Phaleri
1063 1489 1162 1555 situm
1183 1487 1354 1554 deductam
1484 1519 1485 1530 ¹

213 1610 285 1655 esse
307 1592 449 1669 constet,
484 1589 596 1673 quidni
625 1590 721 1656 simul
749 1593 848 1657 etiam
880 1593 960 1659 deae
991 1593 1199 1660 simulacrum
1229 1611 1269 1657 eo
1300 1591 1353 1656 de·
1484 1583 1485 1630 ³

212 1691 313 1760 latum
337 1692 401 1758 sit?

299 1796 339 1862 ad
362 1819 394 1881 p.
419 1801 471 1862 64.
516 1799 566 1864 Ex
587 1799 714 1866 duobus
735 1799 800 1866 illis
825 1799 1003 1885 plebiscitis
1024 1771 1109 1884 duae
1130 1801 1235 1885 primo
1257 1800 1353 1866 titulo

211 1902 425 1967 subiiciuntur
453 1906 487 1967 et
515 1902 557 1967 ad
578 1903 697 1968 Bacchi
719 1905 877 1988 quaedam
906 1924 1000 1969 sacra
1028 1903 1208 1988 pertinent,
1256 1903 1354 1968 Gras-

210 2004 383 2088 bergerus,
424 2025 524 2087 quum
556 2005 596 2071 de
629 2006 732 2073 altero
767 2008 810 2072 ad
839 2028 955 2092 magna
991 2006 1147 2092 Dionysia
1186 2007 1353 2073 referendo

209 2129 334 2173 mecum
363 2109 562 2191 consentiat,
595 2111 705 2193 prius,
737 2111 822 2195 quod
853 2133 912 2196 ego
944 2109 986 2176 ad
1007 2111 1125 2177 Piraea
1154 2111 1281 2191 refero,
1315 2111 1354 2176 de

208 2213 347 2278 Lenaeis
377 2210 545 2295 intellegit.
598 2213 663 2278 Res
695 2213 922 2281 obscurissima
956 2220 1023 2296 est,
1066 2234 1170 2299 neque
1205 2214 1352 2298 equidem

209 2316 333 2400 aliquid
353 2318 433 2382 certi
454 2317 591 2382 inveniri
612 2339 708 2402 posse
730 2320 866 2385 confido.
911 2319 1035 2385 Tamen
1058 2339 1156 2403 quum
1169 2320 1252 2384 miro
1276 2339 1354 2402 quo-

210 2421 286 2486 dam
308 2441 386 2486 casu
407 2420 441 2485 id
463 2442 560 2486 unum
582 2421 773 2488 vocabulum
801 2423 903 2506 ipsius
926 2423 1069 2503 decreti,
1105 2421 1190 2486 unde
1212 2422 1294 2488 haec
1313 2423 1353 2488 lis

211 2525 318 2590 dirimi
331 2529 451 2609 posset,
474 2525 590 2590 ceteris
614 2525 761 2592 omnibus
771 2527 916 2610 integris,
939 2525 1111 2604 interierit,
1134 2530 1167 2590 et
1180 2529 1354 2609 propterea
1485 2593 1486 2614 χ

208 2649 248 2693 ex
269 2629 340 2712 ipso
363 2629 492 2694 decreto
514 2629 595 2693 nihil
616 2629 727 2694 auxilii
748 2631 817 2714 peti
838 2631 959 2713 possit,
991 2635 1159 2696 externum
1183 2649 1353 2714 argumen.
1485 2617 1486 2656 l

209 2737 280 2796 tum
301 2731 518 2815 quaerendum
544 2737 603 2798 est.
649 2733 835 2811 Quodmea
861 2733 1022 2800 sententia
1044 2734 1105 2800 hoc
1127 2739 1194 2799 est:
1228 2733 1266 2798 In
1287 2755 1355 2800 om·

210 2836 305 2900 nibus
328 2835 391 2901 illis
413 2836 612 2920 plebiscitis,
645 2859 728 2922 quae
758 2838 850 2906 finito
874 2838 1030 2922 ephebiae
1060 2858 1145 2903 auno
1168 2838 1211 2903 ad
1233 2837 1354 2904 collan-

211 2938 336 3004 dandos
357 2938 496 3023 ephebos
509 2941 601 3022 fiunt,
622 2963 749 3026 semper
770 2943 883 3008 eadem
904 2943 968 3008 duo
980 2940 1097 3006 Bacchi
1121 2961 1216 3006 sacra
1238 2942 1354 3025 quibus
1485 2975 1486 2992 π

209 3042 258 3107 illi
278 3042 499 3125 interfuerint,
529 3065 646 3129 magna
667 3045 823 3132 Dionysia
845 3047 917 3112 dico
949 3052 982 3112 et
1002 3046 1138 3127 Piraeo,
1162 3066 1354 3113 commemo-

209 3151 332 3212 rantur.
376 3145 465 3213 Haec
495 3169 571 3214 vero
601 3150 665 3217 duo
686 3151 871 3234 plebiscita,
906 3171 991 3235 qnae
1011 3150 1101 3215 intra
1129 3151 1236 3233 ipsum
1259 3151 1355 3234 ephe·

211 3251 285 3317 biae
307 3252 524 3318 annumfacta
546 3254 631 3335 sunt,
655 3274 693 3320 eo
715 3253 849 3320 consilio
869 3255 934 3319 illis
955 3254 1206 3338 subiunguntur,
1228 3261 1267 3320 ut
1284 3261 1356 3321 tan·

211 3377 308 3440 quam
329 3362 429 3422 testes
460 3358 526 3423 sint
558 3379 669 3423 eorum
697 3379 781 3442 quae
810 3355 921 3424 ibide
950 3357 1082 3442 ephebis
1115 3358 1353 3441 praedicantur.

211 3460 318 3537 Quare
341 3460 385 3526 ad
407 3461 535 3526 easdem
556 3481 608 3526 res
629 3462 798 3528 referenda
819 3483 889 3528 esse
910 3463 989 3528 mihi
1010 3463 1169 3528 videntur.

299 3564 342 3630 ad
363 3586 395 3648 p.
420 3568 471 3628 66.
523 3561 685 3631 Mineriae
708 3567 872 3633 Victoriae
901 3567 961 3633 illa
988 3587 1081 3632 sacra
1111 3565 1352 3650 Grasbergerus

209 3691 241 3751 p.
277 3674 319 3733 44
349 3668 579 3736 Panathenaea
621 3672 747 3737 minora
782 3693 853 3738 esse
891 3672 977 3753 ruit„
1024 3671 1124 3736 allato
1166 3669 1262 3736 titulo
1302 3691 1353 3754 ap.

211 3771 366 3856 Rangabd
401 3793 450 3837 nr.
482 3777 555 3838 814.
625 3773 687 3840 Sed
719 3775 817 3840 etiam
832 3767 910 3840 'hic
955 3774 1070 3840 titulus
1117 3773 1355 3848 dubitationem

208 3897 300 3957 eam,
331 3875 370 3940 de
404 3896 468 3959 qua
490 3897 588 3960 supra
624 3878 690 3942 dixi
722 3899 788 3945 non
814 3877 920 3960 tollit3
958 3877 1004 3943 ibi
1039 3875 1123 3943 enim
1153 3895 1193 3941 ex
1222 3877 1350 3961 integra

210 3979 405 4045 hecatombe
426 3979 589 4046 Minervae
611 3982 738 4048 Poliadi
760 3982 923 4049 destinata
954 4001 1021 4047 una
1046 3986 1175 4046 tantum
1209 3981 1354 4064 quamvis

209 4083 425 4166 pulcherrima
444 4103 542 4148 vacca
563 4083 727 4152 Minervae
749 4087 913 4154 Victoriae
935 4091 1107 4152 mactatur.
1247 4171 1250 4177 Ι

296 4188 392 4272 adp.
417 4192 468 4254 66.
517 4188 592 4253 lure
614 4188 852 4275 Grasbergerus
881 4213 913 4275 p.
938 4195 989 4256 21.
1012 4194 1053 4254 65
1076 4193 1204 4270 monet,
1238 4191 1355 4256 mirum

211 4311 299 4372 esse,
336 4292 423 4376 quod
458 4297 621 4358 certamen
659 4293 772 4359 navale
804 4293 1048 4379 Munychiorum
1076 4292 1173 4358 insor.
1203 4297 1221 4356 3
1254 4315 1283 4357 r.
1314 4297 1353 4358 21

209 4413 343 4477 prorsus
372 4397 407 4459 in
435 4395 618 4460 universum
642 4395 708 4474 „dr
736 4400 780 4482 τῷ
801 4398 907 4478 λιμένι
916 4405 939 4438 “
959 4395 1080 4461 factum
1109 4414 1181 4460 esse
1210 4395 1356 4478 dicatur;
