2984 5036
797 259 839 320 24

246 428 321 495 dote
341 427 452 513 populi
474 434 507 494 et
531 428 738 507 Gratiarum,
776 425 916 509 exegetis
936 425 1017 490 iuris
1040 423 1166 510 sacri⁶)
1188 428 1222 489 et
1245 422 1393 506 ephebis.

246 532 368 610 Quibus
391 532 459 599 deis
482 531 544 598 hoc
566 531 758 596 sacrificium
779 531 900 596 factum
923 531 976 612 sit,
998 551 1064 595 non
1084 529 1235 610 traditur,
1258 532 1395 612 praeter

245 637 396 716 Vestam,
429 657 510 720 quae
533 638 568 701 in
590 635 771 720 fragmento
792 635 881 700 tituli
900 635 968 718 Ἑφ.
993 632 1064 715 dog.
1091 637 1172 698 1805
1200 653 1394 698 commemo·

245 745 355 821 ratur,
386 745 420 805 et
441 739 590 819 Gratias,
623 739 740 823 quibus
762 759 855 804 sacra
876 738 961 804 facta
992 759 1061 804 esse
1084 735 1159 802 inde
1184 733 1391 820 intelligitur,

246 843 329 926 quod
372 844 522 910 sacerdos
555 866 666 910 earum
705 843 823 908 adhrit:
857 843 943 926 quod
977 847 1151 926 propterea
1179 839 1391 906 memorabile

245 949 389 1031 videtur,
426 951 512 1034 quod
542 952 640 1016 etiam
670 950 703 1015 in
726 955 927 1016 sacramento
957 948 1152 1033 epheborum
1183 949 1228 1031 (p.
1251 947 1267 1011 I
1288 949 1316 1031 ξ.
1346 949 1388 1030 1).

245 1056 336 1120 Auxo
359 1060 392 1118 et
413 1054 616 1138 Hegemone,
650 1075 733 1139 quae
760 1060 834 1119 sunt
857 1053 1044 1120 Gratiarum
1074 1051 1161 1136 apud
1182 1052 1308 1116 Atticos
1330 1073 1390 1116 no-

245 1157 341 1239 mina,
363 1165 494 1242 praeter
516 1159 597 1224 alios
620 1159 697 1226 deos
719 1164 820 1224 testes
841 1158 1048 1225 advocantur.
1100 1157 1149 1221 De
1177 1155 1388 1221 iureiurando

244 1260 316 1345 ipso
338 1262 372 1327 in
393 1261 488 1328 huius
511 1265 628 1330 aetatis
651 1263 755 1328 titulis
777 1262 856 1328 nihil
878 1262 1054 1344 invenitur,
1089 1282 1194 1344 neque
1215 1282 1275 1346 pro
1296 1260 1387 1324 illius

245 1365 364 1431 saeculi
392 1367 520 1452 ingenio
547 1369 665 1432 mirum
687 1373 752 1448 est,
783 1366 1033 1451 pulcherrimum
1061 1365 1150 1430 illum
1179 1365 1388 1449 antiquorum

243 1491 364 1536 morem
385 1493 518 1555 prorsus
540 1473 575 1537 in
597 1471 839 1538 desuetudinem
860 1472 995 1536 venisse.

331 1579 361 1639 2.
407 1575 510 1653 Quum
533 1576 573 1642 de
595 1581 740 1660 tempore
762 1575 917 1660 ephebiae
945 1575 1135 1654 dixerimus,
1168 1574 1210 1641 ab
1232 1573 1387 1640 hocloco

243 1699 308 1743 non
328 1678 467 1745 alienum
489 1681 728 1765 eritquaerere
751 1700 907 1764 quaenam
929 1680 1014 1744 ratio
1044 1679 1223 1744 intercedat
1245 1678 1387 1762 ephebo-

243 1803 315 1846 rum
336 1783 457 1848 nomini
480 1805 550 1850 omn
574 1785 646 1851 aliis
670 1789 814 1850 aetatum
842 1783 1089 1863 definitionibus,
1120 1803 1202 1867 quae
1226 1783 1258 1847 in
1279 1783 1386 1848 titulis

244 1885 427 1968 agonisticis
448 1887 664 1954 inveniuntur.
707 1889 746 1954 In
768 1909 832 1973 qua
854 1887 1042 1972 quaestione
1064 1907 1112 1966 ea,
1136 1907 1232 1970 quarn
1255 1887 1386 1952 omnino

242 1989 464 2070 gravissimam
485 1997 583 2074 puto,
615 1990 668 2056 lex
689 1991 740 2056 rel
761 1991 1001 2056 accuratissime
1024 1989 1223 2066 observande
1246 1997 1310 2071 est,
1345 1998 1385 2056 ut

244 2091 272 2154 si
294 2092 371 2174 quid
394 2094 474 2158 certi
494 2094 635 2159 invenire
656 2094 812 2176 volumus,
836 2115 934 2178 quam
955 2093 1155 2160 severissime
1174 2096 1280 2160 omnia
1300 2116 1385 2179 quae

243 2195 285 2259 ad
306 2195 387 2262 ahos
410 2197 555 2262 civitates
576 2198 768 2281 pertineant,
790 2198 831 2262 ab
851 2198 1010 2262 institutis
1027 2198 1143 2264 Atticis
1162 2198 1384 2265 discernamus

243 2304 277 2363 et
302 2299 344 2365 ab
373 2297 435 2365 hae
465 2299 684 2385 disputatione
715 2323 848 2386 prorsus
877 2322 1113 2383 removeamus3
1141 2323 1217 2367 nam
1244 2303 1278 2368 in
1300 2304 1383 2368 eius·
1422 2383 1426 2392 η

242 2402 330 2469 modi
350 2403 447 2470 rebus
469 2410 582 2488 gentes
595 2411 627 2471 et
649 2406 793 2472 civitates
811 2407 957 2472 diversae
980 2407 1225 2489 quammaxime
1245 2407 1381 2475 variant.

327 2504 520 2592 Plerumque
541 2509 575 2573 iu
597 2509 826 2576 certaminibus
846 2509 1000 2594 gymnicis
1023 2517 1087 2576 tres
1116 2516 1241 2576 aetates
1269 2510 1382 2577 distiu-

243 2616 393 2692 guuntur,
415 2633 498 2694 quae
520 2613 625 2677 solent
646 2613 809 2679 vocabulis
827 2613 951 2695 παῖδες,
982 2611 1124 2696 ἀγίνειοι,
1147 2613 1263 2697 ἄνδρες
1285 2615 1381 2700 signi·

242 2711 333 2776 ficari
356 2713 453 2797 (Plat.
475 2714 557 2799 legg.
580 2715 664 2796 VIII,
690 2720 751 2780 333
776 2715 810 2781 0.
845 2714 880 2781 Ο.
902 2717 928 2782 Ι.
953 2715 1009 2782 Gr.
1036 2719 1176 2805 1591‘0
1198 2718 1237 2783 ef.
1261 2723 1327 2784 not.
1346 2721 1378 2802 7)

241 2815 395 2900 Rangabe
418 2840 449 2882 n.
475 2824 548 2884 960.
572 2824 644 2884 962.
669 2825 742 2885 963.
768 2822 854 2906 965).
906 2822 1017 2906 Neque
1048 2822 1181 2889 dubium
1206 2828 1257 2888 est
1290 2823 1324 2889 0.
1347 2824 1377 2888 J.

243 2920 298 2984 Gr.
323 2913 403 3004 2215,
434 2922 491 2988 ubi
513 2923 589 2988 solis
611 2923 714 2990 literis
736 2929 772 2988 A
778 2976 786 3006 ,
815 2931 863 3001 B,
892 2928 922 2987 Γ
946 2925 1138 3006 indicantur,
1169 2928 1298 2994 eosdem
1319 2928 1378 2993 hos

240 3027 307 3088 tres
330 3024 458 3090 ordines
479 3025 702 3110 intelligendos
726 3049 805 3094 esse.
850 3029 913 3094 Pro
936 3026 1079 3106 ἀγένειος
1101 3051 1176 3096 vero
1197 3029 1280 3097 Plat.
1304 3033 1375 3116 Lys.

241 3132 304 3192 206
327 3128 356 3192 D
378 3136 412 3210 et
432 3130 547 3197 titulus
573 3131 646 3195 ott.
668 3135 699 3194 Γ
721 3155 753 3216 p.
780 3137 841 3197 154
862 3139 999 3199 utuntur
1020 3134 1174 3201 vocabulo
1203 3137 1376 3209 νεάνισιιος.

238 3233 313 3298 Jam
333 3254 408 3299 vero
430 3235 569 3318 primum
591 3257 631 3300 ex
651 3235 701 3302 his
723 3236 902 3321 generibus,
925 3237 1011 3321 quod
1034 3244 1084 3302 est
1101 3260 1282 3322 puerorum,
1306 3263 1375 3306 mr-

239 3359 293 3402 sus
314 3339 348 3402 in
371 3339 451 3403 duas
473 3345 583 3421 partes
606 3338 741 3404 divisum
763 3357 832 3405 esse
854 3339 997 3405 videmus
1020 3361 1060 3406 ex
1082 3341 1182 3407 Suida
1203 3366 1228 3410 s.
1251 3369 1279 3410 v.
1304 3351 1376 3410 Ho-

238 3443 425 3527 ναθήναιας
447 3442 493 3507 ibi
516 3444 599 3508 enim
620 3443 759 3510 Meierus
782 3443 877 3529 (Allg.
891 3443 1022 3529 Encykl.
1047 3445 1375 3517 hrtPanathenaeen

238 3566 269 3629 p.
294 3547 370 3631 284)
393 3546 537 3611 restituit
560 3543 743 3623 ἀγωνίζεται
767 3557 844 3620 παῖς
864 3549 1060 3634 μικρότερος,
1091 3551 1297 3636 πρεσβύτερος
1323 3561 1376 3618 καὶ

205 3691 208 3694 -
237 3648 380 3727 ἀγένειος
401 3654 456 3712 καὶ
477 3647 559 3736 α’νήρ
581 3650 685 3733 (codd.
709 3661 787 3724 autc
802 3650 933 3732 Ἴσθμια
965 3651 1004 3714 οὐ
1030 3645 1259 3744 πρεσβύτερός).
1306 3662 1374 3739 Qua

236 3819 454 3828 -——-———·—·

298 3939 325 4009 6)
343 3939 400 3994 Hos
423 3941 495 3995 enim
515 3942 706 4015 intelligendos
724 3963 783 4001 esse
802 3947 997 4004 demonstravit
1014 3951 1048 4005 E.
1067 3951 1173 4006 Curtius
1192 3953 1210 4006 1.
1228 3954 1248 4007 1.
1266 3973 1294 4024 p.
1312 3959 1374 4010 333.

234 4028 321 4082 Simili
338 4029 420 4084 modo
437 4029 466 4082 iu
483 4032 566 4086 sacris
584 4033 716 4090 faciundis
734 4035 853 4106 ἐξηγηταὶ
871 4043 1118 4094 commemorantur
1136 4059 1152 4095 a
1169 4041 1283 4097 Platone
1301 4045 1373 4115 legg.

233 4117 313 4185 VIII,
330 4120 383 4172 828
402 4125 425 4170 Β
448 4115 521 4179 ὅπως
545 4119 580 4172 ἂν
604 4124 656 4192 μία
675 4124 706 4194 γε’
731 4141 767 4184 τις
785 4123 855 4195 ἀρχὴ
874 4127 927 4198 θύῃ
953 4125 1025 4180 θεῶν
1052 4126 1067 4192 ἢ
1092 4129 1234 4199 δαιμόνων
1256 4133 1306 4183 τινὶ
1332 4132 1373 4184 ciel

233 4205 298 4276 ὑπὲρ
326 4209 427 4268 πόλεως
452 4247 484 4261 ..
506 4247 511 4260 .
534 4251 540 4264 .
569 4209 646 4264 ταῦτα
669 4211 698 4264 δὲ
723 4215 891 4276 ξυνελθόντες
911 4218 1080 4293 ,ἐξηγηταὶ
1111 4217 1158 4270 καὶ
1183 4221 1261 4290 ἱερεῖς

232 4297 371 4355 ταξάντων,
