2984 5036
663 286 700 346 19

111 451 404 535 συπρομματοίρχοι
429 489 466 498 -
499 453 571 524 τοὺς
600 453 813 538 συνεφήβους
846 451 1040 538 drino-sumu
1069 453 1142 520 Φιλ.
1163 460 1204 522 Β.
1225 478 1258 540 p.

112 560 204 638 429).
249 557 284 620 ln
322 556 382 620 hoc
409 555 505 620 titulo
537 555 685 620 undecim
717 557 1039 641 systremmatarchae
1070 559 1259 644 efferuntur3

113 662 169 745 qui
190 681 340 726 numems
362 681 460 744 quum
481 660 523 725 ab
554 681 592 725 eo
622 682 699 743 usu,
733 662 793 746 quix
815 662 847 726 in
878 663 1033 728 eiusmodi
1055 664 1151 730 rebus
1173 665 1259 749 apud

112 764 322 832 Athenienses
355 763 512 846 obtinuit,
549 785 682 847 prorsus
715 765 907 847 abhorreat,
942 788 1007 831 non
1039 767 1152 833 dubito
1182 770 1259 852 quin
1291 841 1294 848 ,

113 889 208 934 unum
232 887 346 934 nornen
369 869 602 934 antevanuerit
624 869 899 952 autnegligentia
914 871 1084 954 sculptoris
1106 873 1259 938 omissum

112 978 166 1042 sit.
209 977 253 1042 Et
273 997 310 1041 re
332 996 409 1043 vera
433 975 505 1039 Φιλ.
527 979 562 1050 Γ,
585 999 616 1060 p.
641 981 714 1042 549.
746 979 911 1044 duodecim
938 981 1259 1064 systremmatarohae

112 1082 271 1146 recenseri
292 1081 491 1162 videntur7).
539 1079 618 1146 (lum
650 1082 711 1148 hoc
737 1104 812 1148 vero
843 1087 1106 1168 systremmatum
1120 1105 1259 1165 ,numero

112 1185 194 1250 bene
216 1186 363 1250 convenit
379 1184 464 1268 quod
483 1183 552 1268 Ἑφ.
576 1183 649 1267 α’ρχ.
674 1189 770 1266 2235,
793 1187 849 1270 qui
865 1187 980 1252 titulus
1003 1187 1143 1270 ephebos
1166 1189 1260 1253 unius

112 1287 727 1372 1111111111111111111118),(1110111111
743 1291 873 1356 nomina
886 1291 1009 1374 scripta
1020 1298 1105 1369 sunt,
1131 1291 1203 1354 Φιλ.
1217 1297 1258 1366 A,

111 1387 144 1476 p.
163 1397 235 1457 384.
259 1413 335 1457 vero
357 1413 396 1456 ex
417 1392 542 1458 duobus
573 1395 806 1476 systremmatis
828 1393 967 1459 alterum
989 1393 1174 1473 duodecim,
1209 1395 1257 1459 al-

112 1502 220 1560 terum
248 1495 402 1560 tredecim
434 1495 574 1578 ephebos
603 1498 754 1561 continet.
799 1495 888 1561 Haec
915 1499 1000 1561 enim
1021 1497 1088 1562 iere
1110 1503 1160 1562 est
1182 1497 1258 1562 dno-

113 1599 237 1664 decima
257 1619 334 1682 pars
356 1605 482 1664 centum
506 1604 539 1664 et
552 1600 787 1684 quinquaginta
804 1599 1009 1684 epheborum,
1034 1623 1129 1685 quem
1150 1622 1258 1667 nume-

113 1724 185 1768 mm
206 1703 304 1769 fuisse
327 1725 425 1787 supra
447 1705 594 1769 vidimus.
618 1779 620 1784 ,

201 1807 392 1892 Quanquam
423 1811 522 1896 igitur
552 1813 778 1892 systremmata
808 1829 974 1873 numerum
1001 1808 1145 1874 tribuum
1167 1831 1259 1874 exae-

113 1911 268 1994 quabant,
290 1915 399 1977 tamen
421 1911 542 1976 nullam
564 1911 649 1974 inter
672 1915 896 1995 systremmata
919 1914 951 1974 et
972 1910 1077 1975 tribus
1102 1911 1259 1977 rationem

112 2016 311 2102 intercedere
333 2016 443 2080 statim
458 2013 617 2098 intelliget
639 2015 693 2097 qui
724 2015 854 2079 nomina
876 2014 1042 2079 demomm
1066 2015 1139 2078 Φιλ.
1161 2020 1204 2092 A,
1227 2040 1290 2100 p,

115 2124 188 2184 384.
210 2142 241 2185 11.
263 2124 291 2184 3.
314 2119 510 2203 epheborum
532 2118 714 2184 nominihus
737 2119 850 2190 addita
871 2118 1164 2206 consideraverit9).
1196 2120 1260 2186 Sed

186 2253 212 2321 7)
230 2257 294 2306 sunt
316 2253 426 2321 quidem
450 2253 584 2308 tredecim
601 2253 725 2322 nomina,
751 2253 800 2306 sed
817 2253 875 2307 iure
900 2253 1019 2322 primurn
1038 2269 1071 2306 ex
1090 2251 1123 2306 iis
1140 2255 1174 2308 E.
1194 2255 1258 2310 Curr-

112 2340 165 2394 tius
184 2339 421 2406 (1.011111111111111
440 2341 469 2394 in
488 2341 558 2394 Phil.
577 2341 613 2395 ed
631 2341 658 2394 h.
677 2342 780 2411 1.)11ο11
804 2341 938 2406 hominis,
966 2341 1016 2394 sed
1039 2341 1083 2394 dei
1107 2359 1165 2396 esse
1190 2344 1259 2398 dixit

112 2445 193 2498 quem
211 2427 395 2498 synephebum
414 2448 491 2484 111111
510 2447 568 2484 1111
586 2430 706 2500 fingunt,
736 2429 861 2484 similiter
879 2433 960 2498 atque
977 2431 1005 2484 in
1024 2431 1077 2484 alio
1096 2433 1186 2487 nescio
1206 2451 1258 2502 quo

113 2518 196 2572 titulo
213 2517 320 2572 Athena
337 2518 427 2572 Polias
445 2519 516 2572 inter
533 2524 661 2588 prytaneo
678 2523 841 2573 recensetur.

182 2607 210 2674 8)
228 2606 257 2660 1
281 2606 333 2661 hoc
357 2608 438 2662 titulo
457 2607 573 2662 Pittakis
600 2608 710 2676 quidem
734 2607 830 2662 scribit
847 2605 877 2677 τῇ
894 2600 981 2679 aideb
999 2607 1109 2677 στρέμμ·
1128 2608 1258 2673 ἀνέθηκεν

114 2688 167 2766 [ἐκ]
200 2693 251 2746 τῶν
281 2695 358 2746 ἰδίων
382 2696 559 2766 Πολέμαρχος
589 2695 786 2764 Ἀπολλοφάνης
815 2689 980 2763 σονεᾳῆβων.
1026 2694 1104 2762 Quod
1131 2698 1256 2765 equidem

111 2799 167 2837 non
180 2783 312 2853 intelligo,
335 2785 541 2852 explicationem
561 2803 625 2840 vero
640 2786 691 2839 viri
701 2784 776 2838 docti
794 2783 880 2836 multo
899 2784 981 2836 etiam
997 2784 1094 2838 miuus.
1131 2786 1257 2842 Cetemm

111 2875 189 2940 patet
206 2870 287 2941 haee,
311 2876 342 2926 ut
359 2873 459 2927 multos
475 2875 531 2928 eius
552 2874 628 2927 modi
645 2873 753 2944 titulos,
771 2871 880 2924 heroico
895 2875 982 2924 metro
996 2874 1146 2942 composita
1162 2874 1255 2929 fuisse:

113 2977 168 3027 qna
185 2960 220 3013 de
237 2975 369 3014 causaue
387 2979 448 3016 cum
458 2963 589 3017 Bursieno
607 2963 726 3032 quidem,
744 2960 790 3028 qui
807 2959 877 3012 vidit
895 2959 930 3012 de
942 2965 1130 3027 systremmate
1148 2963 1193 3016 hic
1212 2965 1256 3034 agi
1343 2947 1347 2955 ¹

113 3046 252 3112 (Berichte
271 3048 321 3102 der
339 3049 404 3118 Kgl.
426 3051 513 3106 shehs.
531 3050 679 3106 Gesellsch.
704 3049 754 3102 der
771 3046 937 3102 Wissensch.
955 3050 1026 3102 1860
1043 3066 1070 3118 p.
1086 3051 1149 3120 225)
1168 3052 1196 3104 in
1215 3069 1256 3106 11

114 3137 180 3190 teris
197 3135 370 3192 restituendis
388 3139 537 3208 consentio,
556 3139 604 3192 sed
621 3139 711 3208 potius
729 3137 769 3190 ita
787 3136 947 3205 simpliciter
964 3135 1110 3204 legendum
1127 3144 1209 3208 puto:

580 3223 732 3302 σό]στρ1μμ’
751 3223 879 3289 ἀνέθηκεν

270 3314 329 3366 Τῶν
346 3316 424 3366 ἰδίων
442 3317 614 3387 πολέμαρχος
629 3314 827 3383 Ἀπολλοφάνης
845 3310 1008 3379 συνεφήβων,

112 3397 179 3452 Post
197 3401 326 3468 ἀνέθηκεν
343 3422 397 3458 non
417 3405 515 3458 lacuna
541 3408 596 3474 est,
625 3404 673 3457 sed
690 3403 750 3457 finis
768 3419 869 3456 versus.
905 3400 933 3453 Si
956 3402 1000 3454 oui
1018 3402 1161 3471 displiceat
1177 3403 1255 3456 ἰδίων
1306 3439 1308 3444 -

112 3503 164 3556 pro
189 3505 268 3557 pron.
296 3494 462 3560 possessivo,
487 3495 609 3548 conferat
634 3469 696 3545 ‘inid
714 3493 747 3545 A.
772 3509 800 3559 p.
818 3492 881 3544 428.
898 3506 926 3542 n.
945 3492 971 3543 3.
988 3507 1014 3543 v.
1033 3493 1060 3544 9.
1085 3493 1147 3545 518.
1165 3509 1191 3546 v.
1214 3497 1253 3547 ll.

90 3576 239 3630 *Ceterum
260 3582 398 3636 consentio
417 3600 477 3636 cum
497 3585 641 3653 hundans,
668 3581 714 3650 qui
732 3579 902 3648 πολέμαρχος
924 3577 968 3631 hic
985 3579 1179 3648 appellativum
1196 3597 1253 3634 esse

112 3668 141 3717 et
157 3669 427 3734 systremmatarchae
444 3689 540 3726 munus
560 3670 710 3741 significare
729 3670 796 3724 vult.

192 3758 219 3826 9)
238 3756 311 3812 felici
327 3761 443 3828 quodam
469 3779 532 3816 casu
556 3763 659 3831 evenit,
687 3765 718 3814 ut
734 3755 921 3812 recentissimo
948 3758 1071 3826 tempore
1088 3758 1254 3814 inveniretur

112 3855 207 3908 titulus
225 3850 296 3919 (ψιὶ.
316 3857 343 3902 Γ.
362 3867 391 3918 p.
410 3853 464 3904 444
477 3852 546 3920 sqq.)
564 3851 610 3918 qui
634 3850 711 3904 hmus
729 3847 812 3917 ipsius
838 3843 901 3897 anni
919 3840 1038 3910 ephebos
1056 3863 1150 3900 omnes
1168 3850 1253 3902 conti-

112 3948 174 4008 net,
198 3943 227 3995 in
244 3958 297 4010 quo
321 3938 413 3993 omnia
430 3937 477 3991 illa
494 3939 604 3992 nomina
628 3940 682 3992 suis
706 3935 831 3990 tribubus
846 3931 983 4000 adscripta
1001 3933 1124 3987 redeunt.
1160 3936 1253 4004 Magni

111 4029 244 4084 momenti
262 4032 311 4097 est,
330 4027 403 4096 quod
420 4031 477 4078 tres
495 4026 601 4092 Milesii,
619 4027 731 4095 quiillic
749 4027 776 4080 in
788 4025 841 4078 fine
859 4021 1053 4092 systremmatis
1071 4027 1252 4090 recensentur,

112 4120 158 4173 hic
175 4119 246 4171 inter
264 4118 435 4185 adscriptitios
451 4115 582 4184 redeunt;
607 4134 660 4185 qua
677 4134 707 4171 re
725 4121 754 4170 et
770 4112 859 4169 Rossii
877 4111 1025 4166 sententiae
1043 4110 1078 4163 de
1095 4110 1189 4164 Mileto
1206 4128 1253 4163 no·
1351 4139 1358 4146 -

112 4221 177 4260 vum
194 4205 300 4258 accedit
316 4204 514 4274 testimonium,
539 4209 567 4256 et
583 4206 741 4274 peregrinos
759 4203 787 4256 iu
805 4200 908 4254 eisdem
925 4197 1119 4266 systremmatis
1135 4213 1197 4250 cum
1217 4199 1252 4250 ci-

111 4293 190 4348 vibus
208 4291 364 4346 coniunctos
382 4292 463 4346 luisse
487 4284 669 4346 confirmatur.
