2984 5036
797 275 838 334 28

247 443 393 502 moratur
414 439 483 521 ita,
519 445 556 504 ut
578 461 650 504 cum
671 440 868 524 epheborum
891 443 988 508 rebus
1011 441 1119 526 aliquo
1142 443 1237 508 modo
1259 442 1396 508 coniun-

248 547 318 606 ctus
341 543 384 607 sit
398 543 438 628 ³).
491 543 581 608 Unus
603 544 738 609 Axiochi
769 550 883 610 auctor
916 547 992 630 (367
1015 546 1057 630 Α)
1086 544 1126 609 de
1156 545 1280 628 ephebo
1314 547 1398 611 dicit

248 647 313 719 πᾶς
336 645 354 708 ὁ
377 650 432 710 τοῦ
453 651 657 730 μειρακίσκου
687 647 803 731 χρόνος
827 647 912 710 ἐστὶν
938 648 1001 712 tna
1033 647 1254 730 σωφρονιστάς
1285 673 1316 712 τε
1342 657 1399 711 καὶ

247 748 302 832 τὴν
332 749 386 813 ἐπὶ
418 751 490 822 τούς
509 753 618 825 ’νέους
652 757 774 835 αἵρεσιν
812 755 865 837 τῆς
896 751 932 828 ἐξ
965 749 1088 836 Ἀρείου
1122 755 1231 830 πάγον
1263 751 1395 837 βουλῆς.

248 852 368 918 Tamen
390 854 429 917 de
450 853 511 919 hac
532 875 585 935 re,
617 877 699 938 quae
714 856 834 940 optime
856 857 1025 921 conveniat
1047 879 1117 922 curn
1141 877 1180 922 ea
1203 877 1300 941 quam
1314 863 1396 924 tunc

249 957 363 1032 habuit
387 958 575 1042 Areopagus
598 964 771 1041 potestate,
794 958 942 1024 dubitare
965 981 1030 1040 nop
1052 959 1136 1026 lieet.

334 1066 363 1125 2.
408 1062 457 1126 Ex
479 1064 721 1147 magistratibus
743 1064 940 1146 reipublicae
953 1065 1099 1148 inprimis
1121 1066 1272 1147 strategis
1294 1063 1390 1146 ephe·

249 1164 364 1228 borum
387 1187 465 1232 cura
486 1168 639 1232 mandata
661 1171 742 1232 erat.
787 1167 829 1230 Hi
852 1169 936 1232 enim
957 1169 1062 1251 primo
1081 1168 1151 1234 loco
1172 1169 1391 1234 nominantur.

249 1268 305 1334 ubi
327 1269 367 1334 de
389 1270 583 1354 epheborum
607 1271 778 1354 praefectis
806 1270 924 1336 dicitur
947 1273 999 1355 (2,
1029 1276 1086 1335 61:
1117 1268 1337 1355 παραγόμενος
1361 1268 1392 1355 (ὃ

249 1373 422 1457 κοσμητης)
458 1377 716 1454 πειθαρχοῦντας
744 1383 810 1447 τοῖς
836 1374 1148 1458 παραγγελλομένοις
1185 1373 1252 1438 ὑπό
1276 1397 1308 1436 aa
1329 1375 1394 1436 τῶν

249 1483 428 1564 στρατηγῶν
450 1485 503 1542 καὶ
525 1479 641 1544 ἑαυτοῦ
665 1486 725 1545 etc.
753 1485 779 1563 l,
805 1485 854 1545 38.
880 1485 909 1562 3,
926 1488 977 1546 77.
1002 1487 1032 1563 4,
1057 1483 1122 1566 58).
1167 1481 1288 1548 Tamen
1309 1502 1393 1564 quae

248 1581 451 1664 potissimum
481 1583 602 1648 fuerint
632 1602 742 1649 eorum
769 1604 903 1650 munera
925 1585 959 1648 in
981 1584 1031 1650 his
1054 1586 1168 1666 rebuS,
1203 1607 1268 1650 non
1288 1590 1392 1667 patet,

250 1691 380 1768 praeter
412 1707 523 1752 curam
554 1686 712 1751 honorum
742 1692 903 1752 cosmetae
926 1692 959 1752 et
988 1687 1184 1772 epheborum
1205 1689 1393 1755 renuntian-

250 1789 365 1854 dorum
387 1795 420 1854 et
441 1788 736 1870 inscribendorum,
771 1809 853 1872 quae
875 1789 914 1854 iis
946 1790 977 1852 in
1000 1789 1117 1855 finibus
1145 1791 1316 1856 titulorum
1338 1790 1392 1855 de·

249 1894 398 1958 mandari
421 1894 519 1976 solet,
544 1915 644 1977 quare
673 1892 862 1976 plerumque
885 1894 981 1958 etiam
1010 1895 1175 1977 impensae
1197 1895 1265 1961 eius
1292 1895 1343 1962 rei
1372 1916 1393 1958 a

251 2002 421 2080 quaestore
453 1997 572 2060 aerarii
600 1996 749 2061 militaris
779 2001 953 2078 erogantur
968 1998 1008 2082 4).
1065 1996 1223 2063 Videntur
1251 2018 1328 2063 vero
1356 1999 1392 2062 in

249 2101 523 2183 iispotissimum,
547 2121 630 2182 quae
653 2100 695 2165 ad
717 2121 769 2164 res
791 2099 923 2165 bellicas
945 2101 1152 2183 pertinerent,
1176 2100 1292 2186 ephebi
1307 2107 1392 2166 stra·

249 2211 397 2286 tegorum
418 2203 553 2285 imperio
575 2203 697 2268 subditi
719 2203 833 2284 fuisse3
855 2205 983 2269 unicum
1007 2206 1135 2288 quidem
1146 2206 1241 2270 huius
1262 2207 1390 2290 imperii

250 2307 443 2390 exemplum,
468 2305 554 2390 quod
585 2307 619 2372 in
651 2307 755 2372 titulis
788 2314 1056 2373 commemoratur
1086 2309 1120 2393 (3
1151 2332 1180 2373 v.
1213 2313 1252 2374 37
1276 2331 1323 2394 sq.
1360 2316 1389 2390 l,

253 2416 290 2476 19
314 2433 362 2494 sq.
385 2408 575 2495 ἐποιήσαντο
599 2409 635 2472 δὲ
657 2414 711 2472 καὶ
732 2413 787 2486 τὰς
808 2411 976 2485 καθολκάς
993 2417 1046 2475 καὶ
1068 2413 1124 2486 τὰς
1146 2412 1308 2490 νεολαίας,
1323 2437 1388 2476 πει-

147 2504 156 2511 “
250 2521 445 2598 capparum
466 2525 530 2588 τοῖς
551 2513 615 2578 ὑπὸ
638 2519 700 2578 τῶν
712 2521 891 2600 στρατηγῶν
912 2515 1238 2601 παραγγελλομένοις)
1261 2518 1389 2582 adrem

249 2619 422 2696 militarem
442 2618 604 2702 pertinere
625 2619 760 2700 videtur,
783 2641 881 2703 quum
899 2621 968 2686 sine
991 2620 1088 2686 dubio
1103 2621 1143 2685 de
1165 2621 1298 2686 navibus
1321 2621 1386 2686 bel-

248 2726 320 2790 licis
343 2731 468 2809 agatur.
512 2723 685 2787 Praeterea
709 2723 1026 2788 animadvertendum
1052 2728 1101 2789 est
1123 2728 1284 2808 strategos
1307 2745 1387 2790 sem·

247 2851 307 2913 per
334 2831 368 2895 in
390 2830 439 2895 his
461 2827 566 2894 titulis
595 2826 713 2911 plurali
737 2847 868 2892 numero
892 2826 1010 2892 efferri
1060 2828 1142 2892 Nam
1172 2828 1387 2894 Romanorum

249 2935 378 3018 quidem
409 2941 553 3016 tempore
576 2953 659 2996 unus
690 2953 730 2996 ex
751 2933 809 3014 iis,
834 2931 851 2995 ὁ
874 2932 927 2996 λαὶ
950 2933 988 2996 τὰ
1012 2931 1100 2996 ὅπλα
1123 2933 1299 3018 στρατηγιῖς,
1323 2954 1386 2998 non

248 3042 375 3103 tantum
407 3036 545 3120 collegas
575 3058 650 3100 suos
681 3037 826 3119 potentia
853 3038 901 3102 ita
925 3025 1107 3121 superavit,
1137 3043 1174 3102 ut
1195 3037 1248 3102 vix
1269 3037 1384 3121 aliquis

248 3147 378 3226 praeter
399 3161 470 3204 eum
495 3142 623 3206 omnino
645 3148 920 3222 commemoretur,
944 3141 999 3205 scd
1023 3142 1121 3206 etiam
1144 3141 1284 3206 omnium
1309 3141 1386 3206 alio·

248 3269 320 3326 rum
349 3247 598 3330 magistratumn
626 3243 721 3329 longe
743 3245 983 3328 potentissimus
1014 3243 1094 3324 fuit,
1131 3247 1164 3309 et
1183 3251 1313 3327 praeter
1333 3265 1386 3310 res

248 3350 386 3416 bellicas,
403 3350 501 3414 etiam
524 3349 605 3414 alias
628 3354 738 3432 partes
751 3348 1024 3414 administrandae
1045 3346 1241 3429 reipublicae
1253 3348 1384 3412 curavit.

248 3455 336 3532 Quae
359 3475 431 3518 cum
452 3453 577 3517 Ahrens
600 3473 630 3534 p.
656 3457 696 3516 47
720 3475 740 3517 a
762 3453 914 3538 Romanis
936 3452 983 3516 ita
1005 3452 1157 3515 instituta
1178 3471 1248 3516 esse
1269 3451 1383 3534 proba-

246 3559 364 3624 bilibus
387 3555 585 3641 argumentis
618 3554 900 3636 demonstraverit,
933 3577 972 3620 ex
994 3555 1034 3619 iis
1058 3576 1141 3638 quae
1163 3575 1262 3638 supra
1284 3555 1325 3619 de
1346 3556 1384 3618 ti-

262 3707 476 3714 ———---.--—.

319 3794 346 3861 3)
364 3793 434 3846 Nam
453 3795 600 3864 siquando
622 3795 756 3865 Areopagi
775 3792 935 3848 auctoritate
955 3798 1090 3848 cosmetae
1109 3796 1197 3852 statua
1214 3792 1337 3862 ponitur,
1355 3799 1384 3846 ut

247 3881 306 3934 ψιλ.
328 3881 550 3949 apostata
579 3883 652 3949 (nam
672 3880 702 3934 τὰ
727 3883 853 3952 συνέδρια
879 3887 941 3935 sunt
971 3887 1078 3936 senatus
1103 3881 1328 3952 Areopagitarum
1358 3887 1385 3934 et

247 3972 463 4040 sexcentorum),
491 3971 543 4026 hoc
561 3990 616 4026 non
634 3972 669 4025 ad
687 3971 852 4040 epheborum
870 3989 962 4025 curam
980 3971 1111 4040 pertinet,
1139 3971 1237 4024 sedeo
1263 3973 1384 4039 ternpore

247 4060 356 4114 omnino
375 4063 525 4114 statuarum
544 4060 733 4130 erigendarum
757 4061 864 4114 veniam
882 4061 1039 4128 Areopagus
1061 4061 1125 4114 dare
1143 4058 1249 4113 solebat
1266 4059 1383 4124 (Boeekh

247 4148 282 4201 ad
301 4148 330 4202 C.
349 4148 371 4200 Ι.
390 4148 437 4202 Gr.
455 4167 482 4201 n.
501 4153 564 4205 263.
601 4150 703 4204 Abrens
722 4151 741 4203 l.
759 4151 778 4204 l.
795 4168 824 4219 p.
843 4150 898 4218 36).

319 4237 345 4305 4)
363 4219 451 4306 llang.
469 4240 521 4292 995
540 4238 667 4294 haebrea
685 4239 720 4310 τῷ
738 4239 783 4307 (an
802 4237 893 4306 τοῖςῒη]
911 4236 954 4289 λαὶ
972 4235 999 4308 ιη’]
1020 4235 1145 4300 διοικήσει
1170 4236 1329 4306 mandatur,
1357 4243 1383 4289 et

245 4324 318 4378 idem
337 4325 388 4378 fuit
405 4325 473 4379 ibid.
490 4329 551 4397 993,
567 4326 616 4413 ubi
633 4343 705 4380 nune
722 4326 790 4380 nihil
809 4331 930 4394 superest
948 4325 1000 4380 uisi
1014 4325 1125 4379 ultimae
1143 4324 1237 4379 literae
1258 4303 1270 4332 ‘
1288 4366 1294 4378 .
1315 4366 1321 4377 .
1339 4331 1381 4378 ΕΙ.
