2984 5036
660 250 832 364 ‘ee

320 471 349 530 6.
397 466 551 534 θαῑαωίἑε
572 465 672 534 Matri
694 468 827 536 deorum
849 488 944 536 saera
976 467 1065 538 iacta
1086 489 1158 536 esse
1180 469 1225 536 ah
1246 467 1393 554 ephebis
1469 453 1470 466 ¹

232 572 267 636 in
288 592 351 636 unc
373 570 469 638 titulo
495 577 509 636 l
535 594 562 636 v.
591 575 630 636 13
654 571 794 648 refertur
810 573 864 655 ¹³).

321 699 350 758 7.
394 693 477 760 Item
506 693 541 758 in
569 714 635 760 una
666 694 874 778 inscriptione
904 697 938 780 (2
960 717 989 760 r.
1016 693 1069 780 14)
1101 695 1255 778 leguntur
1282 693 1392 759 haec:

234 793 478 882 dumdovpdvqc
511 797 547 860 dd
576 802 632 862 nal
657 803 713 884 τῆς
743 803 861 875 θυσίας
888 803 926 890 τῇ
951 797 1080 884 Ἀθηνᾷ
1107 802 1146 888 τῇ
1174 801 1260 886 Ν1κῃ
1292 811 1391 860 συνε-

234 906 426 986 πόμπευσαν
447 903 553 980 καλῶς
574 909 628 968 aui
649 905 862 991 εἰσχημόνως,
884 908 968 988 βοῦν
986 907 1243 991 manippum,
1266 905 1312 990 ἢν
1332 909 1391 966 καὶ

235 1009 361 1073 ἔθυσαν
392 1009 429 1072 dv
450 1007 626 1091 ἀκροπόλει
657 1013 696 1100 τῇ
721 1014 810 1096 θεῷ,
832 1031 917 1096 quae
944 1011 1044 1096 paulo
1074 1011 1265 1078 obscuriora
1297 1015 1389 1074 sont.

234 1114 318 1178 Nam
346 1112 617 1198 de-Nraqrqptosr
648 1113 797 1199 quidem,
832 1114 950 1200 quibus
981 1115 1119 1181 victoria
1145 1113 1314 1180 Minervae
1347 1113 1390 1178 de
1471 1183 1472 1212 ἢ

235 1217 386 1302 Neptuno
408 1217 655 1300 celebrabatur,
693 1220 760 1284 iam
780 1224 955 1303 propterea
989 1219 1198 1304 cogitandum
1223 1239 1292 1284 nou
1327 1225 1389 1297 eet,

231 1321 314 1406 quia
335 1343 440 1406 neque
462 1322 504 1388 ab
527 1322 669 1407 antiquis
692 1322 836 1400 traditur
857 1344 962 1408 neque
984 1343 1044 1407 per
1066 1343 1101 1389 sc
1122 1322 1190 1388 reri
1213 1321 1322 1388 simile
1338 1327 1389 1386 est
1472 1401 1473 1418 χ

181 1483 191 1513 ,
236 1448 413 1511 cognomen
439 1425 585 1510 Ἀθηνᾶς
605 1429 720 1512 Νίκης,
757 1435 795 1493 ut
817 1427 972 1496 Gorsinus
1001 1428 1039 1494 F.
1060 1428 1098 1492 A.
1121 1425 1154 1490 lI
1179 1447 1212 1511 p.
1238 1429 1303 1490 352
1334 1447 1389 1490 ro·
1472 1423 1473 1494 3

236 1532 358 1612 luerat,
381 1552 454 1597 cum
475 1530 532 1595 illa
553 1531 688 1596 victoria
710 1532 902 1614 cohaerere;
925 1531 1013 1617 quod
1034 1531 1143 1613 potius
1166 1529 1279 1608 deam,
1302 1549 1387 1613 qnae
1472 1589 1473 1596 ,

236 1637 356 1720 populo
388 1655 447 1700 suc
480 1635 648 1700 victoriam
679 1633 757 1716 dat,
791 1636 920 1702 videtur
950 1635 1131 1720 significare
1147 1635 1200 1720 ¹4).
1254 1633 1388 1700 Accedit

239 1739 325 1824 quod
348 1739 376 1804 si
397 1759 432 1802 re
454 1758 531 1803 vera
553 1737 734 1824 (Hermann
754 1741 776 1804 1.
800 1741 822 1806 1.
845 1745 877 1822 ξ.
901 1745 959 1820 56,
987 1740 1018 1824 1)
1048 1739 1153 1804 altero
1179 1737 1386 1804 Boddrcmio

237 1846 288 1910 nis
311 1843 380 1924 die,
407 1843 442 1908 id
464 1848 514 1908 est
536 1843 641 1926 primo
668 1850 744 1926 post
766 1845 894 1912 initium
916 1844 1087 1928 ephebiae,
1110 1842 1279 1908 celebrata
1300 1847 1385 1914 suut,

239 1949 308 2014 sine
330 1947 429 2014 dubio
449 1947 542 2012 initio
575 1947 664 2012 tituli
688 1948 851 2014 efferenda
881 1953 986 2014 erant.
1030 1947 1142 2032 Neque
1171 1945 1295 2012 maiore
1316 1946 1385 2010 iure
1473 1997 1474 2028 q

240 2054 279 2118 de
300 2051 536 2118 Panathenaeis
558 2050 616 2118 illa
636 2051 773 2136 intelligi
794 2073 890 2136 posse
912 2053 1072 2134 videntur,
1095 2072 1171 2118 nam
1193 2049 1384 2118 sacrificium

240 2155 370 2240 quidem
390 2153 553 2218 Minervae
575 2153 738 2220 Victoriae
760 2155 862 2222 fiebat
883 2157 917 2222 in
939 2157 1000 2222 hoe
1022 2155 1104 2222 sesto
1122 2153 1239 2241 (Rang.
1262 2154 1384 2236 antiqq.

240 2259 324 2324 Hell.
347 2281 378 2324 n.
403 2259 481 2342 814)
513 2257 571 2324 sed
592 2263 701 2324 tamen
735 2259 797 2325 hoc
819 2261 1012 2326 sacrificium
1045 2259 1079 2324 in
1101 2257 1292 2324 clarissimis
1322 2256 1385 2321 illis

240 2363 404 2430 Minervae
432 2361 575 2428 Poliadis
598 2363 699 2428 sacris
734 2369 802 2428 tam
825 2365 932 2448 exigui
952 2369 1003 2430 est
1027 2361 1203 2442 momenti,
1235 2365 1275 2428 ut
1297 2381 1385 2426 nemo

242 2489 383 2552 unquam
413 2467 616 2534 notissimum
638 2467 939 2534 Panathenaeorum
967 2468 1087 2534 festum
1113 2465 1175 2532 hoo
1200 2464 1333 2532 ineolitc
1356 2469 1385 2530 et

243 2573 381 2640 obscuro
403 2572 498 2638 modo
520 2571 743 2654 significasset.
790 2571 897 2649 Quare
912 2571 991 2638 mihi
1013 2569 1145 2654 quidem
1166 2569 1387 2637 cautissimum

242 2676 387 2756 ridetur,
421 2676 614 2758 praesertim
641 2696 740 2758 quum
761 2677 795 2740 in
825 2697 890 2742 uno
912 2680 1041 2742 tantum
1070 2672 1168 2740 titulo
1200 2693 1386 2740 commemo

243 2785 351 2862 retur,
387 2799 451 2846 uon
485 2779 524 2843 de
546 2779 629 2844 iestc
651 2781 825 2863 quotannis
856 2780 1031 2860 redeunte,
1069 2777 1128 2844 sed
1163 2776 1204 2842 de
1231 2777 1386 2844 sacrificio
1475 2833 1476 2844 ,

244 2883 384 2969 quodam
407 2883 506 2948 semel
527 2888 616 2949 certa
638 2882 679 2950 de
701 2903 800 2950 causa
821 2883 908 2952 facto
930 2885 1091 2969 cogitare;
1119 2901 1203 2966 quae
1226 2901 1326 2948 causa
1345 2880 1387 2944 vi·
1475 2879 1476 2940 l

245 2989 341 3054 detur
362 2988 498 3052 victoria
520 2987 679 3071 quaedam
706 2991 764 3052 aut
786 2987 1032 3056 Atheniensium
1053 2989 1216 3072 ipsorum,
1249 2994 1325 3065 aut,
1355 2986 1387 3052 id

246 3092 332 3176 quod
353 3091 556 3156 verisimilius
578 3095 628 3158 est
648 3112 688 3158 ea
709 3097 838 3174 aetate,
862 3093 1041 3172 sociorum,
1070 3092 1209 3160 tortasse
1231 3093 1387 3159 Romano-

248 3218 329 3276 rum,
352 3195 461 3260 fuisse.
1250 3215 1253 3225 ·

334 3325 365 3404 β,
416 3317 464 3384 De
496 3317 671 3400 Dtheaeis
701 3339 729 3382 v.
764 3336 834 3400 cap.
864 3317 912 3383 IIl
944 3319 972 3400 ἓ.
1005 3319 1033 3382 1.
1086 3317 1145 3384 His
1177 3315 1256 3382 solis
1290 3316 1387 3381 sacris
1475 3307 1476 3346 ³

248 3429 378 3508 praeter
398 3421 565 3488 Eleusinia
586 3423 650 3488 duo
683 3423 771 3488 tauri
804 3421 846 3488 ab
869 3419 1001 3506 ephebis
1032 3420 1284 3488 immolabantur
1306 3421 1340 3504 (3
1360 3441 1388 3482 v.

250 3529 314 3614 24),
338 3549 378 3594 ex
400 3525 516 3614 quibus
539 3529 662 3608 quanta
683 3526 782 3592 suerit
803 3546 882 3610 erga
894 3524 1070 3609 Diogenem
1091 3525 1181 3591 illum
1194 3523 1389 3608 epheborum
1475 3547 1476 3568 ¹

250 3635 354 3716 gratia
377 3649 569 3715 cognoscere
590 3628 682 3694 licetl

325 3894 368 3969 13)
386 3896 426 3950 De
454 3894 547 3965 phiala
563 3898 695 3966 argentea
712 3895 779 3950 deae
807 3897 901 3952 oblata
923 3901 1033 3967 praeter
1054 3896 1126 3952 hunc
1149 3895 1241 3950 locum
1264 3894 1346 3950 ctiam
1362 3894 1389 3946 in

250 3986 310 4042 eliis
327 3983 414 4038 titulis
432 3999 522 4038 sermo
540 3988 583 4038 est
601 3984 686 4052 (velut
704 3988 721 4039 2
738 4003 765 4038 v.
786 3988 830 4040 23,
846 3987 865 4040 b
883 4002 910 4042 v.
929 3988 945 4038 7
950 3989 966 4038 l.
1176 3997 1179 4004 ’

326 4094 368 4154 14)
387 4089 475 4157 Quare
487 4089 631 4144 Pausanias
647 4089 669 4160 1,
690 4093 734 4159 22,
752 4094 769 4144 4
786 4107 848 4146 eam
865 4093 966 4148 omisso
983 4090 1095 4163 proprio
1114 4089 1181 4144 deae
1198 4087 1310 4141 nomine
1320 4103 1392 4157 pror-

251 4199 295 4236 sus
323 4183 353 4234 iu
375 4180 531 4235 universum
557 4180 641 4243 Νίκην
667 4177 782 4247 ἄπυρον
803 4185 899 4250 vocat3
931 4181 1014 4236 etimn
1043 4178 1117 4248 quod
1146 4176 1220 4231 idem
1245 4175 1273 4245 1,
1303 4178 1393 4245 42,4

249 4270 363 4335 Ἀθηνᾶν
382 4274 466 4334 Νίκην
484 4287 501 4324 a
517 4266 722 4337 Megarensibus
746 4285 852 4337 quoque
876 4270 978 4324 cultam
996 4266 1168 4335 esromae,
1195 4263 1301 4318 iudicat
1317 4263 1392 4317 huius

251 4360 422 4429 cognominis
437 4359 495 4414 vim
511 4358 599 4412 multo
607 4357 688 4413 latius
699 4362 802 4427 patere,
814 4373 895 4426 quam
907 4357 980 4426 quod
992 4375 1008 4411 a
1021 4357 1112 4412 tabula
1128 4355 1175 4409 illa
1193 4351 1390 4408 Atheniensium

253 4448 364 4517 propria
382 4448 499 4502 derivari
516 4447 610 4516 possit.
