2984 5036
764 289 800 352 la

174 516 176 525 .
216 476 268 524 res
297 460 406 522 terrae
435 454 616 542 (περίπολον
638 459 691 542 τῆς
711 456 831 544 χώρας)
851 458 965 524 fierent
988 463 1021 522 et
1037 453 1178 522 castellis
1199 454 1235 518 in
1256 461 1388 520 terrae

170 566 173 574 '
218 561 336 629 linibus
358 563 429 629 sitis
451 560 613 647 praesidio
634 566 751 627 essent.
795 562 847 628 Ita
869 561 1038 645 paullatim
1057 559 1239 645 itineribus,
1274 581 1386 624 excu-

167 654 171 749 ’,
217 664 297 746 biis,
326 667 463 746 castris,
494 664 592 730 rebus
620 664 743 732 bellicis
766 666 998 733 adsuesoebant
1021 666 1122 750 (recte
1142 664 1259 736 Pollux
1283 667 1381 744 VllI,

168 758 171 771 ι
222 775 283 838 105
306 772 412 858 ὥσπερ
433 770 494 858 ἤδη
523 767 711 851 μελετῶντες
732 771 770 832 aui
802 768 1030 855 σιραοιωιικοὶ).
1074 769 1234 846 Quamdiu
1256 775 1383 865 autem

218 877 267 942 ita
287 897 346 960 per
378 884 485 942 terrae
514 875 595 942 fines
615 875 724 958 vagati
746 875 827 956 sint,
849 876 934 941 inter
956 879 1105 964 auctores
1127 874 1278 958 antiquos
1305 895 1381 938 non

218 981 375 1048 convenit.
419 978 592 1046 Aeschines
624 979 709 1044 enim
738 983 768 1061 2,
795 983 855 1044 167
888 977 967 1042 dicit
998 997 1034 1042 se
1062 993 1123 1058 per
1153 975 1233 1041 duos
1262 997 1378 1042 annos

220 1081 396 1168 περίπολον
413 1087 467 1169 τῆς
488 1080 596 1164 χιίρας
616 1080 728 1146 fuisse:
750 1083 840 1147 euius
861 1079 1045 1147 testimonio
1058 1065 1274 1162 Harpocratib
1299 1102 1329 1146 s.
1341 1101 1375 1144 v.

220 1185 393 1270 περίπολος
414 1188 563 1271 opponit,
591 1184 798 1252 Aristotelem
819 1184 853 1250 in
875 1182 1039 1267 republica
1061 1181 1303 1248 Atheniensium
1329 1184 1375 1248 de

220 1289 351 1376 ephebis
372 1290 452 1356 haec
474 1290 609 1357 dixisse:
647 1291 702 1354 ισν
724 1288 871 1373 δεύτερον
891 1287 1048 1362 irruente,
1070 1284 1234 1370 ἐκκλησίας
1256 1287 1293 1350 ἐν
1325 1289 1373 1366 τῷ

222 1393 350 1478 hadmar
371 1398 584 1480 γεγενημένης,
608 1393 857 1478 ἀποδειξάμενοι
869 1393 910 1476 ¹⁰)
932 1394 975 1476 τῷ
991 1388 1081 1474 δήμῳ
1096 1393 1168 1470 περὶ
1185 1391 1241 1464 τὰς
1262 1389 1373 1468 τάξεις

221 1501 275 1561 καὶ
303 1496 455 1578 λαβόντες
482 1496 605 1563 α’σπίδα
633 1502 686 1563 καί
719 1495 799 1581 δόρυ
831 1499 923 1580 παρὰ
945 1497 1001 1558 τοῦ
1028 1489 1134 1578 δήμου
1156 1494 1371 1575 περιπολοῦσα

183 1585 185 1589 ’
221 1596 279 1686 την
299 1600 408 1685 χοῖρον
435 1605 490 1664 καὶ
522 1598 737 1682 διατρίβουσιν
765 1600 803 1664 ἐν
832 1609 897 1674 οοίς
924 1596 1154 1684 φυλακτηρίοις.
1196 1600 1305 1682 Atque
1329 1623 1370 1666 ex

223 1703 456 1770 recentioribus
488 1704 669 1770 Voemelius
701 1703 832 1788 quidem
860 1703 1070 1785 1.1.p.124.
1123 1702 1293 1769 Aristoteli
1314 1725 1367 1770 uc-

131 1795 134 1798 ’
221 1807 317 1890 cedit,
337 1807 517 1876 Boeckhius
538 1829 613 1875 vero
636 1809 681 1894 (p.
698 1807 766 1896 87.)
788 1815 820 1874 et
839 1805 1037 1884 Semelam,
1060 1819 1159 1888 quum
1176 1806 1368 1874 Aeschinem

225 1919 411 1996 sequantur,
436 1913 642 1978 Aristotelem
660 1933 768 1978 errore
791 1912 831 1977 de
847 1909 994 1976 omnibus
1017 1907 1148 1992 ephebis
1170 1908 1289 1976 dixisse
1309 1933 1368 1995 pu-

222 2020 310 2097 tant,
344 2025 426 2099 quae
448 2016 501 2100 (cf.
525 2021 554 2098 ξ.
581 2022 596 2080 l
620 2017 715 2100 extr.)
738 2015 780 2080 ad
810 2013 896 2080 solos
918 2013 1156 2096 eorumquiin
1179 2012 1266 2080 bello
1287 2019 1368 2083 ceei-

223 2119 339 2184 derant
360 2119 444 2185 filios
465 2120 671 2203 pertinerent.
716 2120 759 2184 At
785 2119 923 2204 primum
945 2117 1125 2182 Voemelius
1148 2122 1263 2186 contra
1283 2121 1367 2186 hane

222 2223 411 2292 sententiam
435 2225 575 2304 monuit,
599 2223 783 2303 Aristoteli,
806 2224 928 2290 homini
950 2223 1091 2287 omnium
1112 2224 1364 2304 accuratissimo,

221 2331 349 2393 tantum
381 2348 523 2393 errorem
551 2328 704 2410 imputari
729 2329 782 2392 vix
810 2349 914 2411 posse.
958 2326 1081 2392 Deinde
1104 2327 1263 2409 siquidem
1283 2328 1365 2394 Har-

224 2432 368 2513 pocratio
391 2433 471 2497 satis
494 2439 643 2498 accurate
665 2433 871 2498 Aristotelem
893 2429 1071 2513 exscripsit,
1092 2432 1120 2497 is
1144 2433 1184 2498 de
1205 2454 1240 2499 re
1261 2434 1365 2500 adhuc

223 2535 347 2601 usitata
369 2536 459 2614 dixit,
482 2558 580 2620 quum
602 2537 692 2601 illum
712 2558 833 2603 morem
854 2537 919 2600 iam
936 2535 1104 2600 Aeschinis
1125 2542 1267 2620 tempore
1290 2540 1364 2605 abo·

224 2637 319 2703 litum
339 2639 437 2704 fuisse
459 2641 631 2704 viderimus
655 2643 699 2726 (ξ.
721 2645 747 2726 1.
771 2643 837 2704 notu
849 2639 892 2724 5).
937 2639 1045 2702 Etiam
1066 2640 1100 2703 in
1122 2642 1193 2724 ipsa
1215 2663 1259 2724 re,
1283 2666 1363 2727 quae

224 2740 431 2824 describitur,
454 2743 607 2809 nonnulla
630 2743 756 2808 diversa
779 2747 866 2807 sunt:
888 2742 1060 2806 Aeschines
1082 2745 1166 2808 enim
1190 2751 1222 2810 et
1242 2746 1362 2812 Isocra·

195 2929 197 2935 Ι
222 2853 273 2912 tes
295 2845 425 2912 definite
447 2847 487 2911 de
502 2847 661 2932 Dionysiis
680 2847 791 2912 dieunt
813 2845 898 2910 etde
922 2867 958 2909 eo
981 2845 1110 2928 quidem
1126 2853 1280 2932 tempore,
1301 2874 1360 2936 quo

223 2954 361 3035 populus
395 2951 437 3015 ad
469 2951 661 3034 spectandas
691 2951 873 3034 tragoedias
901 2951 1100 3032 convenerit3
1136 2974 1199 3036 quo
1221 2959 1361 3038 tempore

224 3054 352 3120 omnino
375 3055 513 3119 honores
535 3075 554 3119 a
576 3054 695 3138 populo
714 3055 858 3120 decretos
873 3075 931 3137 per
953 3075 1144 3137 praeconem
1165 3061 1360 3126 renuntiatus

223 3181 294 3226 esse
315 3160 515 3226 notissimum
539 3164 606 3224 est:
637 3181 709 3224 oum
732 3158 847 3242 quibus
870 3159 1054 3222 Aristotelis
1085 3158 1184 3225 verba
1204 3159 1362 3247 ἐκκλησίας

223 3266 258 3328 ἐν
269 3267 313 3345 eut
327 3265 455 3348 θεάτρῳ
470 3265 675 3348 γεγενημένης
696 3259 859 3327 conciliari
872 3280 944 3325 mea
963 3263 1123 3326 sententia
1139 3271 1300 3347 nequeunt
1312 3268 1359 3352 ¹¹).

224 3369 369 3454 Denique
389 3369 462 3433 illos
485 3369 599 3433 civium
620 3369 654 3433 in
675 3366 761 3433 bello
783 3385 948 3431 caesorum
978 3364 1061 3430 filios
1085 3386 1168 3433 anno
1188 3375 1263 3452 post
1285 3371 1359 3436 alios

224 3474 363 3558 ephebos
387 3473 514 3537 demum
537 3473 634 3536 armis
655 3473 831 3558 instructos
853 3470 943 3535 etad
966 3469 1113 3559 militiam
1134 3478 1264 3538 vocatos
1286 3496 1358 3558 esse,

297 3633 402 3704 10)1ta
432 3633 505 3686 enim
530 3595 677 3702 legendum
704 3648 755 3700 pro
782 3629 892 3699 vulgato
923 3627 1124 3700 ἀποδεξάμενοι
1153 3650 1187 3686 ex
1213 3633 1359 3690 coniectura

225 3719 359 3776 Voemelii
377 3721 396 3774 1.
412 3722 431 3776 l.
449 3739 477 3791 p.
498 3724 550 3776 124
565 3724 648 3790 extr,
672 3720 701 3773 iu
719 3737 800 3788 quam
823 3717 906 3772 etiam
932 3734 983 3788 ego
1002 3723 1099 3789 sponte
1123 3739 1185 3776 mea
1209 3722 1357 3794 incideram,

225 3824 346 3876 quaeque
363 3807 537 3863 confirmatur
560 3808 701 3863 titulorum
725 3807 806 3879 locis,
829 3807 905 3862 velut
924 3810 941 3860 2
959 3825 985 3861 v.
1005 3811 1048 3861 23.
1073 3805 1242 3869 ἀπεδείξαντο
1268 3815 1312 3877 (so.
1335 3813 1358 3863 ιί

225 3896 330 3966 ἔφηβοι)
348 3896 377 3947 ἐν
395 3900 449 3956 τοῖς
471 3894 571 3957 ὅπλοις.
590 3902 606 3952 3
625 3917 651 3954 v.
671 3902 705 3952 41
723 3897 877 3962 ἐποιήσαντο
901 3897 930 3950 δὲ
948 3898 994 3950 καὶ
1007 3897 1045 3950 ἐπ’
1069 3898 1152 3967 ἐξόδῳ
1171 3897 1221 3962 ,τῆς
1244 3900 1357 3968 equetus
1477 3899 1478 3958 Ῐ

225 3983 269 4050 τὴν
287 3983 472 4058 ἀπόδειξινιῇ
496 3985 586 4058 βουλῇ.
608 3990 634 4040 4.
650 4004 677 4040 v.
696 3989 731 4042 59
749 3984 886 4050 lunarium
912 3986 941 4038 de*
964 3985 1010 4038 καὶ
1033 3983 1088 4056 aiffa
1111 3984 1262 4054 ἀπό]δ“ειξιν
1282 3987 1357 4040 αὐτῶν
1477 3979 1478 4006 ¹

224 4073 265 4144 λῖν
282 4093 306 4129 u
324 4078 377 4134 τοῖς
395 4071 497 4144 ὅπλοις]
516 4074 563 4127 καί
580 4077 633 4133 τοῖς
650 4074 711 4144 περὶ
729 4071 760 4126 τὰ
774 4073 891 4126 samad.
1431 4133 1434 4140 .

303 4149 346 4216 ll)
365 4146 453 4215 Quare
470 4146 652 4202 necessarium
670 4163 728 4201 esse
746 4163 801 4200 nou
820 4151 895 4216 puto,
913 4150 944 4199 ut
961 4161 1023 4199 cum
1040 4145 1179 4200 Vocmelio
1198 4147 1281 4203 etiam
1297 4149 1355 4202 hano

205 4250 285 4293 *rem
301 4235 435 4304 Dionysiis
453 4236 559 4305 magnis
575 4235 677 4290 laetum
695 4253 754 4290 esse
771 4240 934 4294 statuamus:
960 4249 1025 4287 nam
1042 4232 1090 4287 illo
1116 4237 1238 4302 tempore
1256 4236 1307 4290 iam
1322 4236 1355 4290 in·

226 4321 310 4376 valuit
327 4340 385 4376 mos
405 4323 515 4378 comitia
532 4323 591 4379 ahie
608 4341 713 4392 quoque
732 4322 899 4392 temporibus
918 4321 946 4374 in
963 4320 1069 4376 theatro
1088 4322 1216 4378 habendi.
