2984 5036
787 265 830 326 40

241 430 380 514 singulis.
397 431 578 504 nominibus
602 430 737 501 additur.
755 430 846 518 (aaa.
869 436 922 506 A,
942 434 1020 499 519.
1045 434 1075 496 Γ
1091 451 1124 514 p.
1136 431 1215 518 356)
1228 437 1296 502 ,aut
1319 434 1385 498 uni-

241 534 357 602 versis
375 535 624 619 superscribitur
657 531 705 618 (oi
734 534 790 600 διὰ
812 536 895 616 βίον
932 532 1006 601 ost.
1038 540 1079 600 B.
1110 540 1174 603 428
1201 537 1301 620 sum).
1345 537 1387 604 Ut

241 638 461 706 Abascantum
482 639 730 730 paedotribam,
740 641 794 712 ‚ita
815 638 914 709 etiam
937 637 1122 706 Stratonem
1137 637 1345 708 Cithaeronis
1364 642 1386 708 f.

241 741 481 810 Acharneusem
502 743 641 810 soribam
662 749 875 827 perpetuum,
906 743 962 826 qui
986 743 1066 813 inde
1090 741 1314 811 a'Oomsrodo
1336 765 1388 810 us·

240 866 304 930 que
327 847 370 912 ad
392 845 593 918 Caracallum
615 868 758 917 munere.
774 847 903 916 funotru
925 865 1004 916 ‘esse
1033 847 1175 926 rideam,
1208 847 1243 912 iu
1275 848 1389 917 multis

241 949 346 1016 titrrlis
369 955 652 1019 commemoratum
674 948 920 1033 imonimus.¹²).
998 992 1001 1007 ·

704 1121 708 1128 ·
776 1123 803 1206 s·
826 1123 855 1183 4-
974 1107 977 1125 '
1018 1195 1021 1202 .

559 1272 562 1282 =
608 1297 613 1313 ,
669 1243 709 1298 De
729 1244 950 1319 gymnasiarohis.
1026 1223 1029 1230 Δ

327 1362 376 1430 De
398 1363 714 1447 gymnasiarchorum
732 1366 757 1449 ¹)
778 1387 910 1437 munere
933 1366 1043 1435 adhue
1052 1387 1250 1451 magnopore
1263 1367 1388 1434 diesen

242 1467 329 1533 tiunt
350 1466 496 1533 homines
518 1467 630 1538 decu.
649 1468 710 1557 Ex
731 1470 849 1554 quibus
871 1471 1017 1554 inprimis
1039 1469 1236 1538 Krsmiusl
1265 1493 1297 1554 p.
1326 1476 1386 1538 181

243 1590 342 1652 quum
371 1591 497 1637 summo
527 1569 640 1636 labore
676 1573 783 1640 omnia
815 1593 900 1660 quae
932 1595 970 1640 eo
1003 1578 1187 1658 spectarent
1219 1575 1389 1660 colligeret

243 1679 351 1738 tamen
373 1672 595 1756 quaestionem
616 1675 730 1759 ipsam,
754 1699 852 1761 quum
874 1683 985 1744 vetera
1006 1677 1166 1758 rosontio,
1197 1677 1310 1746 Attica
1332 1698 1387 1762 pe·

242 1778 373 1860 regrina
392 1777 619 1862 permisceret,
639 1799 833 1866 magnopere
852 1781 1009 1850 turbarit..
1052 1780 1175 1850 Contra
1187 1785 1388 1866 gymnasiar-
1467 1823 1468 1858 ι

243 1882 335 1948 chiae
355 1885 483 1952 Atticae
502 1905 623 1950 reram.
636 1891 793 1952 naturam:
808 1883 986 1956 Boeelrlrius
1010 1884 1046 1950 0.
1071 1885 1175 1952 Lar.
1199 1887 1242 1954 ad
1263 1910 1296 1956 n.
1318 1894 1386 1956 aar

242 1987 354 2071 paucis
387 1987 493 2060 vorbis
507 2030 510 2041 ·
522 1989 701 2060 verissime,
720 1988 881 2069 definivit,
914 2007 1014 2072 quum
1039 1988 1163 2057 diceret
1191 1991 1261 2060 »1n-
1278 1998 1388 2060 vetere

243 2090 696 2178 republioagpnrnasiarohia.
712 2115 777 2162 non
802 2093 1013 2178 magistratus
1040 2093 1121 2174 fuit,
1152 2094 1209 2162 sed
1237 2094 1389 2180 liturgia:

244 2196 476 2279 imporatorum
498 2200 607 2262 aetate
628 2198 840 2282 magistratus
861 2203 1077 2276 menstruus«.
1161 2249 1164 2254 .

335 2302 361 2362 1.
406 2296 612 2381 Reipublicae
633 2299 756 2366 liberae
771 2306 916 2384 tempore
930 2299 1188 2386 gymnasiarchia
1207 2319 1333 2384 semper
1353 2304 1389 2368 in

246 2425 357 2472 eorum
379 2423 547 2474 munerum
569 2424 702 2471 numero
723 2410 924 2488 recensetur,
956 2425 1040 2489 quae
1065 2403 1227 2488 ἐγκύκλιοι
1246 2403 1390 2488 λειτουρ-

243 2511 311 2586 γίαι
333 2512 498 2572 vocantur.
555 2507 600 2572 Et
636 2508 686 2579 de,
710 2506 771 2576 hoo
803 2509 931 2592 quidem
960 2508 1250 2594 gymnasiarchiaa
1269 2531 1389 2594 genere

245 2608 425 2674 Boeelrhius
460 2609 500 2673 de
530 2629 597 2674 oec.
625 2609 714 2693 publ.
747 2610 822 2674 Ath.
845 2611 870 2676 1.
893 2633 925 2694 p.
949 2615 1012 2676 609
1035 2633 1104 2694 sqq.
1127 2610 1177 2676 ed.
1201 2617 1230 2676 2.
1260 2613 1309 2677 ita
1332 2634 1387 2678 ex-

246 2713 364 2796 posuit,
388 2718 424 2777 ut
447 2710 527 2776 nihil
548 2713 654 2779 faeere
675 2713 816 2797 possim,
840 2713 902 2778 nisi
929 2719 967 2778 ut
996 2733 1079 2798 quae
1107 2713 1162 2780 ille
1191 2715 1312 2781 invenit
1333 2716 1388 2782 hic

245 2819 334 2884 brevi
361 2823 517 2902 repetam.
569 2817 709 2882 Primum
737 2815 837 2901 igitur
864 2819 925 2884 hoo
955 2823 1102 2901 tempore
1131 2815 1388 2901 gymnasiarohia

245 2943 310 2988 non
331 2923 374 2991 ad
395 2943 504 2992 euram
525 2922 764 3006 gymnasiorum
794 2922 830 2987 in
860 2922 1040 2988 universum
1061 2919 1234 3005 pertinuit,
1273 2924 1331 2990 sed
1351 2925 1389 2990 id

226 3026 350 3108 'solum
385 3025 699 3112 gymnasisrohorum
730 3046 846 3091 munus
877 3025 956 3107 fuit,
990 3030 1027 3090 ut
1060 3025 1169 3092 sertis
1192 3027 1388 3110 quibusdam
1467 3051 1468 3074 ¹

245 3132 345 3200 saeris
358 3130 388 3216 ²)
412 3130 519 3196 omnia
540 3127 657 3212 quibus
680 3127 724 3196 ad
746 3129 923 3195 certamina
944 3128 1106 3238 quaedam
1125 3151 1205 3214 opus
1225 3138 1387 3217 ossetpa-

244 3300 450 3310 w—

319 3397 362 3466 12)
381 3396 411 3450 C.
428 3395 451 3448 1.
470 3394 518 3455 Gr.
537 3394 600 3446 276.
618 3391 679 3444 aa.
698 3390 721 3443 A
739 3408 767 3461 p.
786 3393 848 3446 519.
865 3397 889 3442 Γ
903 3409 932 3460 p.
943 3393 1006 3445 277.
1022 3391 1079 3460 Ἐφ.
1098 3391 1159 3464 epp.
1179 3397 1260 3450 2831.
1276 3413 1335 3464 περ,
1354 3403 1387 3451 Β.

244 3484 289 3556 ἀρ.
310 3485 378 3554 199,
396 3483 443 3538 ubi
460 3485 586 3551 quartum
603 3480 739 3536 decimum
756 3497 857 3536 annum
874 3497 985 3534 munere
1002 3479 1130 3550 fungitur.

317 3585 343 3654 1)
361 3583 414 3638 Pro
440 3578 546 3651 vulgari
566 3577 654 3632 forma
678 3580 884 3656 γυμναςίαρχος
907 3577 1008 3646 passim
1032 3576 1138 3645 (Aaseh.
1158 3583 1181 3648 l,
1203 3584 1246 3642 12.
1269 3579 1387 3649 Hasyolr.

244 3691 271 3726 s.
284 3690 310 3725 v.
333 3671 364 3726 0.
386 3670 408 3724 Ι.
433 3669 480 3726 Gr.
506 3670 568 3722 270.
594 3667 655 3725 Μ.
679 3672 703 3718 A
728 3685 756 3736 p.
778 3668 842 3736 518)
870 3667 1074 3737 γυμνασιάρχης
1100 3667 1209 3738 legitur.
1257 3667 1388 3727 Similiter

243 3759 398 3830 iuiopdtrt
415 3755 621 3824 Plataurhyd.
641 3757 693 3810 299
708 3755 742 3810 G.
784 3753 915 3824 Rangabi
938 3773 966 3811 rr.
991 3758 1054 3812 995.
1090 3757 1127 3812 Et
1150 3757 1190 3812 ita
1212 3774 1320 3828 semper
1333 3759 1387 3819 ξι-

243 3849 356 3918 otu'wlc
373 3852 401 3902 et
418 3841 678 3916 συστρεμματάρχηςι
970 3893 972 3902 .

232 3987 237 3992 -
315 3947 342 4016 2)
359 3944 478 4000 Boeolrh.
496 3945 515 3998 l.
533 3945 553 3999 l.
568 3962 597 4014 p.
616 3947 682 3999 611:
709 3945 872 4014 ,Bestirnmt
895 3960 987 4014 &nug
1005 3943 1041 3997 ist
1059 3961 1113 3998 ron
1130 3942 1184 3998 rnir
1201 3943 1247 3998 dio
1264 3944 1389 4016 biturigis

232 4036 301 4094 ‹lrier
318 4034 374 4092 rmd
391 4033 476 4089 sehon
499 4034 564 4087 leura
588 4033 758 4088 vorhsr.ani
780 4033 911 4088 Fastloiar
936 4033 1102 4088 beselrriiulrt
1125 4029 1261 4087 worden.”
1299 4033 1388 4101 Quum

241 4126 325 4196 igitur
341 4123 452 4193 liturgia
469 4139 523 4176 non
541 4121 657 4191 amplius
678 4121 789 4176 duraret
807 4139 888 4192 quam
905 4121 964 4176 ludi
981 4120 1033 4190 ipsi
1052 4139 1114 4176 eum
1134 4138 1180 4190 eo,
1210 4123 1317 4189 quoad
1339 4123 1388 4178 ho·

241 4215 327 4272 minas
360 4214 421 4268 illos
444 4210 610 4276 exercendos
633 4227 701 4280 opus
726 4217 801 4281 erat,
826 4217 964 4281 tempore,
993 4211 1091 4266 iniuria
1113 4210 1229 4266 ahma·
1241 4227 1270 4280 p.
1291 4215 1329 4267 56
1352 4213 1388 4267 de

241 4321 333 4356 uana·
350 4303 428 4368 huius
443 4300 574 4372 temporis
594 4299 811 4370 gymnasiaruhia
828 4301 912 4370 dixit,
930 4314 1023 4368 ouant
1047 4299 1148 4357 deiude
1169 4299 1388 4358 iamenamam

240 4395 374 4448 mutatam
393 4407 468 4461 esse,
488 4390 538 4445 sed
556 4394 649 4446 tamen
664 4390 803 4460 liturgiam
820 4388 959 4448 mansisse.
