2984 5036
665 261 706 321 65

95 473 105 490 .
275 473 284 492 .
305 429 361 514 τὴν
380 427 492 514 innuis
512 430 568 492 coit
586 425 775 511 Διονύσου).
816 424 905 494 Haec
926 427 1025 512 igitur
1045 427 1184 495 tonnula
1205 445 1254 492 so·

95 533 218 598 lenuis
239 533 273 598 in
295 531 356 598 hae
379 534 449 598 sola
470 529 605 600 eeclesia
633 531 733 598 etiem
753 535 867 614 postea
888 535 1015 598 servata
1037 553 1108 599 esse
1129 533 1255 600 videtui

96 636 162 713 (of.
198 636 298 706 etiem
320 635 394 702 Φιλ.
415 641 446 700 Δ
472 657 504 720 p.
529 633 596 722 90).
640 635 679 702 In
706 635 757 702 his
786 655 861 730 vero
884 635 1023 705 decretis
1052 643 1182 720 praeter
1205 659 1252 718 ea,

96 760 197 825 queo
217 741 282 811 iam
300 740 560 834 ,commemoravi
579 741 682 824 etiam
703 740 872 825 utriusque
891 740 1010 816 Beoohi
1032 741 1253 826 templum'eh

98 843 244 928 ephebis
266 847 453 915 restitutum
475 865 546 912 esse
566 843 696 914 dicitur.
735 895 737 900 ,
777 894 780 903 .

168 1069 172 1075 ,
200 999 229 1058 5.
274 996 456 1078 [lateam
477 1013 593 1060 nomen
615 993 679 1060 duo
701 987 788 1059 tituli
810 994 846 1080 (3
868 995 967 1059 eslii.
990 998 1011 1058 4
1032 1013 1061 1058 v.
1089 994 1141 1077 13)
1166 994 1252 1059 exhi·

98 1097 205 1179 b‘ent,
235 1115 398 1182 quumque
425 1098 461 1162 in
489 1096 561 1162 aliis
584 1097 653 1162 eius
673 1096 744 1162 loeo
773 1095 874 1162 insint
902 1095 1001 1162 verba
1030 1096 1188 1172 θύσαντες
1208 1095 1251 1184 τῷ

99 1201 146 1282 ἐμ
170 1205 321 1286 Πειραιεῖ
339 1201 485 1288 Διονύσῳ
516 1201 549 1287 (1
581 1220 611 1266 v.
638 1202 702 1282 12),
735 1199 867 1266 dubium
895 1219 960 1266 non
988 1205 1037 1266 est
1066 1201 1145 1267 illud
1168 1203 1250 1268 eius·

101 1301 184 1368 dem
205 1304 281 1370 festi
301 1303 469 1392 proprium
489 1322 606 1370 nomen
628 1323 715 1386 esse,
746 1303 960 1388 quodminus
981 1309 1131 1370 accurate
1153 1305 1265 1371 etiam*

101 1405 336 1492 Dionysiorum
368 1409 496 1478 nomine
518 1407 736 1492 significatur,
760 1407 795 1474 O.
818 1407 843 1472 I.
868 1405 924 1474 Gr.
947 1407 1007 1474 101
1031 1407 1113 1491 ὅταμ
1134 1413 1251 1473 ποιῶσι

106 1514 273 1592 nascente
292 1509 331 1574 asi
354 1508 520 1576 Asuvium.
563 1514 613 1578 Ex
634 1513 695 1580 hoc
714 1531 792 1580 ‘vero
813 1513 908 1578 titulo
931 1517 1025 1578 etex
1046 1511 1116 1596 lege
1137 1514 1252 1580 fictitia

102 1613 196 1698 apud
217 1610 464 1683 Demosthenem
489 1619 547 1699 31,
572 1619 615 1682 10
638 1617 782 1683 videmus
803 1615 865 1682 hoc
893 1615 1010 1682 festum
1033 1616 1181 1682 similiter
1203 1624 1251 1684 at·

102 1741 171 1804 que
192 1741 309 1804 magna
321 1719 485 1804 Dionysia⁴
498 1721 669 1786 etLenaea
690 1717 775 1786 ludis
796 1719 931 1784 scenicis
949 1720 1146 1786 celebratum
1169 1741 1249 1788 esse.

104 1823 231 1902 Quodsi
262 1829 351 1890 reete
380 1842 479 1908 snpra
507 1821 713 1908 plebiscitum
739 1828 754 1887 l
777 1843 807 1888 v.
831 1825 960 1888 632-72
991 1821 1135 1890 adhaec
1158 1843 1251 1890 sacra

104 1929 237 2012 rettuli,
268 1928 345 1996 inde
367 1929 589 2012 cognoscitur,
623 1947 688 1993 non
720 1928 888 2011 proprium
916 1929 994 2012 pagi
1019 1927 1248 2009 Piraeensium

104 2031 164 2097 sed
187 2048 353 2097 commune
375 2031 475 2096 totius
497 2029 637 2096 civitatis
661 2029 860 2115 (θημοτελὲς)
881 2029 998 2112 fuisse,
1034 2053 1132 2115 quum
1155 2031 1250 2098 aliter

104 2157 171 2202 non
192 2119 549 2218 senatus'populusque
570 2130 814 2198 Atheniensium
846 2135 1002 2218 peculiari
1025 2136 1154 2202 decreto
1176 2157 1250 2220 pro·

104 2247 180 2325 pter
204 2239 321 2305 Pireea
350 2238 432 2304 bene
465 2238 630 2304 celebrata
660 2237 788 2303 iuvenes
816 2236 1013 2304 laudassent.
1058 2239 1108 2303 Ex
1137 2239 1249 2307 eodem

101 2345 236 2410 'decreto
258 2344 357 2408 etiam
377 2347 505 2425 tempus
526 2334 589 2406 ita
605 2331 693 2432 ceste
716 2340 842 2406 definiri
862 2345 989 2423 potest,
1024 2347 1061 2408 ut
1084 2343 1249 2426 aliquanto

106 2454 182 2514 ante
204 2443 304 2513 XIum
326 2447 522 2512 Gamelionis
543 2447 662 2510 mensis
686 2445 771 2510 diem
796 2445 919 2510 factum
940 2465 1011 2511 esse
1032 2446 1248 2534 dicamus'st).
1305 2425 1314 2448 ⁸

107 2551 211 2630 Quum
232 2570 312 2617 vcro·
337 2571 375 2616 eo
404 2551 460 2635 qui
486 2551 661 2615 antecessit
688 2545 799 2614 mense
825 2549 1007 2616 ‘Posideone
1029 2553 1184 2616 Διονύσια
1212 2553 1250 2618 ir

106 2655 217 2740 ἀγροῖς
234 2653 424 2722 *celebrata*
441 2655 573 2736 sint‚'a
595 2655 663 2720 veni
685 2653 792 2737 specie
820 2653 997 2721 xscbhorrene
1024 2675 1089 2721 non
1111 2657 1247 2740 videtur,

104 2759 220 2826 Piraea
242 2781 282 2826 ex
302 2757 352 2824 his
374 2757 473 2842 ipsis,
502 2777 585 2842 quae
607 2763 644 2822 ut
665 2779 724 2842 per
746 2769 855 2824 omnes
878 2775 995 2844 pagos,
1025 2760 1073 2826 ita
1095 2763 1194 2827 etiam
1214 2763 1247 2828 in

105 2855 235 2930 Pinaeeo
258 2861 527 2942 celebrabantur,
559 2856 707 2926 extitisse
728 2866 762 2926 et
791 2869 905 2946 postea
927 2864 1053 2930 demum
1082 2867 1248 2950 proprium

106 2965 266 3054 quoddam
286 2972 322 3034 et
346 2965 641 3054 splendidissimum
657 2966 884 3034 festumiact'a
905 2986 984 3052 esse,
1008 2991 1047 3036 ex
1069 2992 1132 3058 quo
1155 2971 1249 3038 simul

106 3077 214 3158 patet,
250 3065 308 3138 eur
330 3071 465 3154 antiquo
487 3075 633 3154 tempore
654 3070 843 3138 Piraeorum
876 3085 992 3140 nomen
1013 3095 1172 3160 nusquam
1200 3079 1247 3141 in·

106 3178 257 3242 veniatur.

164 3311 315 3414 ‘ephesi
348 3335 423 3381 vero
453 3292 514 3381 noc
546 3279 628 3378 ass
659 3306 810 3414 pompas
840 3315 1001 3410 ducebant
1032 3315 1246 3401 (nem.n.1.;

107 3423 140 3486 in
159 3417 261 3496 titulis
277 3412 468 3484 iocabulnm
490 3411 721 3500 πάρήγὰγον
742 3417 788 3502 τῷ
802 3421 839 3480 Δ.
861 3410 979 3506 ταῦρόν
1002 3418 1084 3484 hanc
1099 3419 1245 3508 indicat),

108 3531 232 3590 taurum
254 3519 465 3588 immolabant
488 3527 521 3586 et
542 3517 693 3606 phialam'
710 3513 894 3615 argenteam
918 3523 1157 3591 consecrabant.
1184 3615 1187 3622 ,

108 3727 307 3737 Μ
688 3699 700 3753 t

173 3855 215 3928 m)
232 3848 305 3926 Quid
316 3856 347 3912 in
364 3855 441 3911 huius
453 3857 556 3914 nemen
573 3877 600 3914 v.
611 3861 647 3914 66
664 3861 796 3929 seriptum
813 3862 903 3932 fuerit,
921 3863 968 3917 ubi
985 3857 1057 3920 nune
1070 3863 1137 3918 heee
1154 3881 1245 3932 super-

107 3950 176 4000 sunt:
193 3945 227 4016 τῷ
245 3943 363 4017 Διονύσῳ
381 3943 416 4016 τῷ
435 3947 448 3998 i
467 3983 473 3998 .
494 3983 501 3998 .
522 3983 537 4000 .-
549 3976 563 4000 ,ι
578 3972 613 4002 ..ι
633 3949 791 4019 φ,,εεεθῳιὶ
805 3967 859 4005 nnn
867 3967 987 4020 possum.
1015 3953 1094 4006 essm
1110 3952 1245 4020 siquidem

108 4039 178 4090 necte
192 4033 230 4088 mi
243 4035 339 4094 enses
355 4035 424 4093 haee
441 4037 539 4107 retuli,
566 4037 596 4095 id
613 4038 687 4106 quod
705 4038 821 4097 Pittukis
840 4039 907 4110 (Fu.
929 4039 992 4110 ἀρχ.
1010 4041 1093 4110 4097)
1109 4040 1246 4108 supplevit

108 4116 192 4194 τῷψ
210 4123 347 4192 ΑνινοιοΊῳ,Ι
361 4123 427 4180 femi
444 4142 499 4180 non
515 4130 623 4194 petest..
634 4122 688 4199 ἐ[μ,
697 4132 821 4200 Πειραιεῖ
838 4129 1012 4194 senibendum
1029 4133 1169 4198 putenam,
1194 4129 1246 4182 nisi

109 4209 267 4268 eumundo
285 4210 471 4280 insequentem
498 4228 606 4274 versum
634 4232 659 4269 a.
673 4216 759 4272 inea
783 4235 805 4287 ῳ
826 4214 945 4288 insipem
969 4217 1124 4286 indiessset.
1144 4259 1148 4272 .
1165 4215 1245 4286 (Nem

108 4298 212 4354 formem
231 4301 368 4370 Πειραιὰς,
387 4319 468 4371 quem
483 4303 578 4372 Steph.
593 4305 657 4374 Bya.
676 4323 699 4360 s.
717 4324 743 4360 v.
760 4307 886 4375 penebat,
901 4306 931 4362 in
947 4306 1057 4366 titulum
1074 4305 1245 4364 introducere

109 4386 263 4450 nesseden,
281 4405 363 4454 quum
380 4390 445 4444 elibi
464 4408 571 4462 semper
587 4395 688 4449 usitata
705 4394 753 4448 illa
771 4393 945 4458 inveniatur).

921 4514 938 4570 5
