2984 5036
796 303 839 364 46

248 487 308 537 sus
330 467 517 552 pierumque
533 469 589 534 ud
611 469 846 551 vitaetempus
876 467 1065 545 sumebatur
1094 469 1234 556 (Kranae
1257 491 1288 555 p.
1311 473 1397 554 alo)

249 571 334 652 quod
356 572 455 636 etiam
476 571 611 638 Athenis
632 573 681 637 ita
701 572 801 636 briaae
822 573 889 637 reri
912 573 1019 647 simila
1039 579 1100 638 est.

335 675 442 742 Etiam
465 684 631 742 curatores
649 678 892 760 moedorum
905 675 1106 762 (impeteret
1118 679 1400 758 τῶνγιιμνασίυν)

247 780 414 848 rarissimo
442 781 476 846 in
492 779 609 846 ‘titulis
632 785 942 860 commemorantur:
975 780 1012 846 (i.
1035 781 1062 845 1.
1084 779 1140 845 Gr.
1163 783 1227 844 466
1249 782 1305 864 (2-
1325 779 1401 866 ’Βφ,
1464 803 1465 868 ᾗ

248 882 320 966 ax.
346 887 443 969 roeo)
472 884 689 950 uniebatur
717 885 812 969 aym
842 883 1016 950 aarum
1046 883 1141 950 offert
1162 881 1319 965 apollini,
1347 882 1403 945 eui
1464 873 1465 954 t

249 987 387 1071 Lyceum
414 1007 541 1054 morum
570 991 642 1056 erat
664 987 774 1072 (Pane.
802 987 828 1066 Ι,
856 992 906 1068 19,
929 989 964 1072 4)
992 993 1028 1053 et
1058 986 1094 1052 0.
1116 985 1143 1051 1.
1172 984 1401 1053 saunensi
1464 981 1465 1020 i

249 1091 268 1158 ὁ
297 1092 351 1154 dni
380 1091 420 1154 ori
451 1089 540 1154 ὅπλα
571 1092 740 1178 στραηγὰς
770 1091 865 1156 mmo]
906 1095 956 1156 est
987 1089 1176 1174 ἐπιμελητὴς
1209 1090 1403 1168 γυμνασίων

250 1195 402 1280 (sortasse
422 1194 536 1260 melina
558 1193 749 1280 repraeter)
771 1193 933 1276 βασιλέως
955 1197 1037 1258 θεοῦ
1054 1192 1252 1279 ‘adducentis
1267 1197 1307 1254 ut
1329 1193 1401 1274 qni·

249 1298 322 1364 dem
344 1297 503 1382 supplevit
530 1299 721 1364 Bocekhius.
776 1299 886 1376 Quare
916 1298 968 1366 bis
995 1317 1127 1382 qumque
1158 1294 1240 1360 nibil
1269 1291 1402 1360 ridetur

249 1403 371 1486 negotii
396 1403 495 1468 baisse
525 1423 597 1469 cum
623 1401 774 1486 ephebis3
801 1423 964 1486 quumque
994 1402 1034 1466 iis
1070 1401 1127 1484 qui
1160 1400 1195 1464 in
1223 1397 1400 1482 gymnasiis

250 1507 500 1586 exercebantur,
530 1507 596 1572 iam
617 1507 850 1590 gymnasiarebi
880 1505 1036 1590 praefacti
1063 1510 1188 1583 essent,
1208 1501 1297 1566 'mibi
1331 1501 1400 1568 seri

250 1609 445 1674 simillimum
464 1609 612 1688 ridetur,
636 1609 686 1674 bis
709 1609 915 1675 curatoribus
942 1610 1087 1693 ipsorum
1110 1607 1335 1682 aedifioiorurn
1348 1623 1398 1670 ra·

249 1712 484 1792 stituendorum
503 1717 539 1776 st
553 1711 790 1778 sanandorum
811 1713 921 1796 potius
943 1733 1053 1778 curam
1076 1711 1263 1777 mandatum
1286 1708 1397 1774 inisse.
1465 1719 1466 1734 ¹

249 1815 338 1882 Idem
371 1837 486 1882 munus
522 1815 659 1882 fortasse
693 1815 856 1882 indicatur
896 1816 1051 1883 vocabulo
1082 1813 1313 1896 turned-cqc
1344 1814 1398 1896 sic
1465 1833 1466 1840 ¹

244 1915 441 2004 Ἀκαδημίας
464 1919 551 2003 apud
571 1920 821 2005 Hyperidemin
842 1921 1008 1988 Demostb.
1030 1922 1122 2005 frgm.
1135 1924 1179 1984 20
1190 1917 1240 1987 ed.
1253 1917 1395 2001 Sauppe.

336 2021 481 2106 Denique
512 2021 584 2086 Φιλ.
614 2026 645 2085 Γ
668 2045 700 2106 p.
727 2028 787 2088 351
817 2025 1097 2109 repsonsuoxq‘oar
1125 2027 1179 2086 καὶ
1209 2041 1396 2106 naeqvoep-

247 2123 294 2209 χή
305 2142 380 2200 σας
401 2124 526 2210 legitur.
572 2125 670 2218 ¹(iuius
692 2129 830 2194 nomime
850 2130 898 2196 ris
920 2150 1054 2212 prorsus
1077 2127 1216 2220 obscura
1238 2132 1299 2190 est.

334 2233 364 2292 2.
408 2229 476 2294 Iam
499 2230 603 2296 dicam
624 2230 663 2296 de
686 2231 898 2315 nocentiorem,
932 2254 1068 2316 quorum
1095 2231 1234 2297 officium
1263 2235 1337 2294 erat
1357 2233 1393 2292 ut

248 2333 424 2398 certamina
445 2355 517 2399 cum
540 2334 673 2400 deorum
702 2336 792 2401 fastis
821 2338 990 2402 coniuncte
1020 2336 1217 2402 adornarent
1239 2337 1273 2397 et
1294 2332 1393 2398 ricto·

248 2439 338 2530 ribus
356 2439 502 2523 praemia
524 2439 764 2509 distribuerent.
810 2441 901 2519 Quod
935 2461 1051 2510 uranus
1081 2440 1215 2524 antiquo
1243 2443 1391 2520 tempore

248 2565 311 2608 non
334 2551 636 2626 commemorantur
665 2546 728 2613 uisi
750 2545 837 2630 quod
859 2553 892 2612 et
914 2547 1041 2613 nomine
1064 2551 1097 2610 et
1117 2563 1250 2622 munere
1272 2539 1391 2606 similes

197 2701 201 2708 .
247 2650 323 2709 sunt
309 2645 423 2711 tatblo
425 2645 542 2726 t‚betae
566 2646 620 2729 qni
642 2647 751 2712 decem
768 2669 901 2714 numero
923 2670 964 2717 ex
984 2647 1102 2734 populo
1125 2651 1241 2730 quarto
1264 2663 1392 2728 quoque

249 2768 334 2842 anno
356 2750 457 2814 creati
471 2749 774 2834 Panathenaeorum
789 2729 1019 2821 certaminibus
1036 2748 1267 2836 praesidebant
1278 2747 1393 2834 (Maior
1466 2791 1467 2814 ι

249 2851 375 2936 allgem.
405 2851 536 2938 Encyld.
572 2854 648 2946 Ant.
680 2854 928 2923 Panathenaeen
957 2877 987 2940 p.
1018 2858 1081 2918 286
1105 2852 1147 2938 ²))
1174 2849 1393 2937 'struendam

248 2975 324 3020 nero
345 2977 406 3022 vox
427 2956 514 3039 apud
536 2963 593 3022 ant
594 2958 687 3042 iquqs
710 2980 806 3044 saepe
828 2959 995 3043 quidem
984 2957 1147 3042 invenitur
1173 2955 1222 3020 ita
1251 2961 1289 3020 ut
1319 2976 1394 3022 eum

250 3058 426 3140 significet,
450 3059 505 3142 qui
526 3059 619 3125 ludos
642 3062 769 3146 aliquos
789 3063 952 3146 instituit;
974 3062 1031 3128 sed
1053 3080 1153 3146 quum
1173 3037 1393 3144 impletisque
1466 3089 1467 3114 ι

248 3161 348 3226 sacris
369 3161 450 3228 haec
471 3183 549 3228 cura
570 3163 642 3230 aliis
664 3165 907 3250 magistratibus
929 3165 1053 3231 tradita
1076 3168 1161 3230 esset
1191 3161 1293 3249 (velut
1314 3161 1392 3228 Dio·

248 3265 413 3348 nysiorum
442 3266 589 3332 archonti
618 3270 807 3354 eponymo)²
834 3269 1001 3353 proprium
1033 3287 1148 3334 munus
1178 3265 1234 3330 illo
1263 3266 1392 3346 nomine

248 3368 461 3456 significatum
484 3391 554 3435 esse
576 3392 640 3444 non
661 3373 798 3438 videtin.
841 3373 880 3444 Id
900 3373 1038 3459 primum
1050 3375 1207 3462 quantum
1222 3368 1289 3432 scio
1305 3388 1392 3434 com-

247 3478 443 3538 memoratur
467 3473 541 3538 Φιλ.
562 3480 598 3539 A
616 3497 648 3559 p.
675 3479 739 3560 134λ
758 3499 787 3541 r.
812 3481 852 3544 53
875 3499 944 3565 sqq.
959 3515 973 3556 ‚·
999 3477 1108 3563 ibique
1143 3475 1302 3560 significat
1328 3493 1392 3557 ‚roz

246 3581 283 3640 ut
305 3576 431 3644 videtur
452 3578 678 3662 magistratum
699 3575 840 3647 annuum
863 3601 886 3646 a
907 3579 1026 3665 populo
1054 3582 1232 3668 χειροτονίᾳ
1253 3579 1391 3648 electum

318 3805 345 3874 2)
363 3805 522 3870 accuratius
549 3806 633 3878 igitur
658 3811 687 3864 et
711 3807 800 3865 verius
823 3808 892 3865 mibi
915 3809 1109 3880 distruatur,
1134 3826 1180 3866 eos
1197 3826 1325 3880 numero,
1341 3825 1391 3864 no.

246 3890 319 3944 mine
337 3895 366 3946 et
383 3897 506 3962 tempore
524 3894 631 3966 magis,'
650 3912 731 3966 quam
750 3896 868 3950 muneris
886 3881 970 3966 ipsius
987 3901 1084 3957 natura
1107 3895 1144 3950 ab
1159 3896 1332 3968 agonothetis
1349 3897 1391 3952 di-

247 3995 337 4034 versos
356 3996 431 4048 esse,
449 3998 549 4051 quam,
567 3987 598 4037 ut
616 3981 647 4036 P.
665 3983 755 4039 Faber
772 3986 923 4055 agonistica
940 3987 962 4041 1.
980 4004 1009 4057 p.
1028 3989 1062 4040 65
1081 3994 1139 4056 sqq.
1168 3985 1274 4040 Abrans
1296 4004 1325 4056 p.
1344 3987 1389 4056 57,

246 4069 326 4137 plane
344 4069 454 4124 eosdem
477 4085 544 4126 esse.
578 4071 721 4141 Nunquam
749 4073 823 4127 enim
840 4080 971 4143 quantum
994 4075 1051 4129 scio
1075 4079 1185 4143 praeter
1200 4073 1391 4129 Panathenaea

246 4157 393 4210 deheim
410 4163 669 4236 commemorantur.
693 4161 742 4216 bed
766 4163 849 4216 mam
867 4163 896 4217 in
915 4163 956 4218 bis
973 4162 1123 4234 posteriore
1139 4168 1264 4232 tempore
1283 4163 1390 4233 dysero-

246 4247 330 4300 θιιῶν
346 4265 447 4303 nomen
463 4248 492 4302 in
509 4265 559 4303 usn
578 4255 637 4304 erat
654 4248 695 4317 (C.
713 4249 735 4304 1.
754 4251 802 4306 Gr.
821 4255 894 4321 380).
929 4252 962 4308 Id
980 4270 1043 4306 sane
1061 4252 1222 4322 discrimen,
1240 4251 1314 4321 qnod
1330 4251 1389 4307 Sui-

245 4335 295 4392 dss
312 4342 340 4393 at
358 4338 477 4408 Hesycbt
492 4355 514 4392 a
532 4355 558 4394 v.
575 4335 748 4408 dometius
762 4343 899 4411 statuuat,
924 4347 957 4396 ut
977 4342 1049 4396 bime
1072 4339 1193 4396 amnicos
1210 4343 1242 4394 st
1261 4340 1388 4409 mancos,

245 4422 424 4482 athlethetarn
441 4443 506 4482 vero
524 4426 663 4495 gymnicos
681 4426 759 4482 ludos
776 4441 883 4482 curasse
900 4430 1009 4500 dicant,
1035 4428 1188 4484 nihiliesse
1204 4431 1327 4498 apparet
