2984 5036
661 305 701 364 25

106 473 275 556 ingeniosa
297 473 498 554 coniectura,
527 471 555 538 si
576 491 640 536 non
670 470 827 536 vocabula
846 468 988 554 singula,
1011 472 1047 533 at
1069 473 1156 534 carte
1177 487 1248 531 san·

17 657 22 668 ·
106 577 213 642 tentia
234 574 296 642 loci
326 581 412 641 recte
433 576 588 641 restituta
609 595 681 640 esse
702 573 829 640 videtur
840 573 881 660 ⁷),
925 573 1071 656 Denique
1093 593 1192 655 quum
1212 572 1247 634 in

106 679 268 746 nonnullis
299 680 403 746 titulis
441 685 509 745 tres
541 699 713 764 puerorum
744 683 867 744 aetates
903 683 1034 762 praeter
1062 677 1147 741 viros
1176 696 1248 758 per-

107 784 246 867 scriptas
278 784 443 849 videamus
474 783 525 870 (G.
554 783 579 848 I.
610 783 666 848 Gr.
696 787 769 847 232.
811 781 965 866 Raugabd
997 785 1071 845 964.
1114 777 1186 842 (Dat.
1217 783 1249 842 B

106 909 140 970 p.
166 892 225 952 132
247 909 316 972 sqq.
353 891 383 950 Γ
400 909 432 971 p.
459 891 520 951 154
543 888 628 971 sqq.)
667 887 702 951 id
736 888 788 952 vix
821 887 915 952 aliter
948 885 1100 969 explicari
1129 890 1246 967 potest,

105 1011 203 1075 quam
225 993 272 1056 ita
301 997 338 1056 ut
360 1012 432 1056 oum
453 989 613 1055 Boeokhio
643 991 775 1055 tertium
808 1011 982 1075 puerorum
1005 988 1148 1053 ordinem
1171 1009 1245 1052 eun-

104 1087 176 1160 dem
202 1116 272 1160 esse
295 1095 455 1174 dicamus,
490 1093 545 1176 qui
574 1092 654 1158 alibi
677 1091 828 1170 α’γενείων
856 1092 1038 1176 vocatum).
1092 1091 1185 1169 Quod
1207 1113 1245 1157 eo

104 1198 230 1264 facilius
252 1199 322 1263 fieri
345 1202 463 1282 potest,
483 1197 569 1280 quod
583 1198 761 1280 antiquitus
781 1198 863 1264 duae
885 1189 1013 1265 tantum
1025 1204 1160 1274 aetates,
1185 1199 1246 1260 ἄν-

104 1301 178 1385 δρες
200 1310 232 1368 et
255 1302 382 1384 παῖδες,
412 1302 559 1381 fuerumt,
596 1300 745 1385 quodque
766 1303 864 1366 etiam
895 1303 929 1366 in
958 1303 1055 1368 rebus
1089 1302 1245 1382 civilibus,

104 1427 203 1488 quum
226 1405 372 1482 ἐξελθεῖν
392 1406 428 1470 ἐκ
450 1406 578 1470 πα1δων
600 1413 633 1472 et
655 1407 855 1490 ἐγγραφῆναι
877 1407 923 1480 εἰς
944 1406 1069 1489 ἄνδρας
1085 1405 1170 1472 idem
1192 1406 1244 1486 sit,

104 1529 216 1574 omnes
238 1511 293 1593 qui
315 1512 456 1578 nondum
477 1511 537 1576 viri
560 1516 645 1591 suut,
668 1531 841 1594 puerorum
862 1510 934 1576 loco
956 1510 1126 1576 habentur.

194 1631 246 1695 Ita
267 1632 365 1716 igitur
386 1635 532 1701 diversae
554 1636 672 1701 aetatis
685 1632 876 1698 indicandae
897 1633 1050 1711 rationes,
1074 1637 1246 1716 quaesunt

103 1733 136 1795 in
159 1733 262 1799 titulis
285 1738 481 1819 agonisticis,
505 1737 723 1815 consiliandos
747 1757 818 1802 esse
839 1736 1003 1802 videntur:

466 1877 658 1998 llmml’m)
682 1908 724 1934 =
746 1881 799 1962 τῆς
820 1878 943 1961 πρώτης
966 1875 1089 1960 ἡλικίας

149 1959 238 2034 τάξις
260 1962 301 2022 A.
324 1960 438 2035 παῒδες
465 2003 476 2090 ³
887 1963 890 1970 ·

484 2047 687 2133 πρεσβύτερον
711 2079 753 2104 ==
775 2053 828 2132 τῆς
849 2046 998 2129 δευτέρας
1017 2043 1141 2130 ἡλικίας

146 2148 235 2223 τάξις
256 2153 289 2212 Β
310 2147 443 2227 ἀγένειον
606 2183 647 2208 =
671 2150 787 2225 παῖδες
806 2155 859 2235 τῆς
880 2153 980 2234 τρίτης
1000 2147 1124 2235 ἡλικίας

145 2250 233 2326 τάξις
245 2254 284 2326 ,Γ
302 2251 426 2336 ἄνδρες.

102 2387 267 2465 Quaenam
289 2412 365 2456 vero
387 2391 438 2456 his
461 2392 623 2458 vocabulis
647 2393 867 2477 significentur
889 2390 1032 2471 aetates,
1061 2392 1094 2455 iu
1115 2394 1242 2457 univer-

102 2515 173 2557 sum
195 2493 350 2578 Rangabd
374 2495 434 2560 vol.
456 2495 488 2560 Π
509 2518 541 2580 p.
567 2501 629 2562 679
652 2497 700 2561 ita
721 2497 881 2578 definivit,
911 2503 948 2562 ut
969 2497 1022 2560 vix
1043 2493 1179 2577 amplius
1202 2493 1242 2559 de

46 2653 49 2659 i
101 2617 139 2660 ea
160 2618 196 2661 re
218 2597 359 2662 dubitari
380 2600 493 2682 possit,
518 2622 615 2685 quum
632 2601 762 2680 diceret,
785 2600 907 2675 παῖδας
928 2621 1029 2684 usque
1045 2600 1087 2665 ad
1102 2604 1241 2664 sextum-

101 2701 276 2782 decimum,
308 2700 468 2780 οἰγενείνυς
489 2725 591 2789 usque
613 2703 655 2768 ad
678 2705 986 2785 duodevicesimum,
1020 2703 1144 2787 ἄνδρας
1165 2703 1240 2768 inde

100 2831 121 2874 a
153 2811 303 2874 vicesimo
342 2812 459 2876 aetatis
495 2834 580 2878 anno
612 2813 719 2878 iusisse.
778 2814 847 2880 Iam
885 2814 958 2898 quid
994 2813 1050 2880 fiet
1081 2812 1239 2895 ephebis?

99 2915 184 2978 Num
213 2914 293 2978 haec
315 2920 423 2996 aetas,
454 2937 536 2998 quae
558 2918 700 3000 pertinet
722 2939 742 2982 a
764 2917 1022 3003 duodevigesimo
1055 2917 1097 2982 ad
1125 2917 1239 3000 vigesi-

99 3040 187 3082 mum
210 3038 338 3098 annum,
364 3013 515 3096 circuatur:
537 3042 577 3085 an
599 3023 676 3086 viris
699 3022 895 3088 accensenda
918 3023 993 3088 est?
1035 3022 1119 3087 Nam
1142 3043 1239 3106 quum

98 3121 294 3206 epheborum
315 3120 460 3204 ipsorum
482 3145 597 3190 nomeu
617 3127 783 3191 rarissime
804 3127 1001 3204 inveniatur,
1034 3131 1131 3210 atque
1157 3141 1237 3191 sem-

171 3389 197 3454 7)
215 3386 296 3440 Aliud
321 3383 475 3452 exemplum
499 3383 618 3438 eiusdem
650 3389 788 3445 divisionis
811 3392 888 3446 addit
909 3392 1026 3446 Meierus
1050 3393 1069 3446 1.
1087 3392 1107 3445 l.
1127 3391 1237 3446 titulum

97 3477 127 3529 G.
146 3475 168 3528 Ι.
187 3474 235 3528 Gr.
254 3477 340 3544 1591,
365 3491 447 3542 quem
464 3471 577 3526 Athenis
600 3475 740 3532 inventum
766 3480 833 3534 dicit
856 3499 942 3551 neque
966 3482 1109 3550 quicquam
1128 3480 1237 3534 obstare

99 3562 240 3633 quominus
258 3561 379 3614 Atticum
394 3577 453 3614 esse
471 3564 613 3632 putemus,
639 3567 761 3632 quamvis
779 3569 930 3626 Bccekhius
946 3572 1018 3625 iuter
1036 3570 1178 3624 Boeoticos
1195 3585 1236 3622 re·

97 3653 198 3709 tulerit.
235 3651 289 3704 Sed
307 3650 355 3703 illa
366 3649 504 3703 distinctio
523 3669 577 3704 non
595 3652 624 3705 in
640 3653 691 3708 h'oc
708 3657 787 3711 titulo
805 3659 948 3730 invenitur,
966 3660 1058 3728 inquo
1077 3657 1238 3729 simpliciter

96 3742 190 3800 παῖδες
209 3738 326 3810 ἀγένειον
340 3737 437 3806 ἄνδρες
454 3743 530 3811 sunt,
548 3740 642 3793 sedin
660 3760 692 3797 eo
711 3747 758 3813 qui
774 3741 925 3817 antecedit,
944 3767 972 3802 n.
992 3751 1074 3818 1590,
1098 3748 1143 3817 qui
1162 3749 1236 3802 etin

95 3831 206 3886 Boeotia
223 3829 348 3885 inventus
367 3833 408 3882 est
426 3833 454 3883 et
472 3835 565 3898 aperte
584 3833 679 3887 adres
697 3835 861 3889 Boeotorum
880 3841 994 3906 spectat.

167 3921 195 3989 8)
213 3919 342 3973 Krausius
362 3917 376 3969 I
394 3935 422 3986 p.
442 3921 494 3972 267
522 3919 605 3973 etiam
624 3926 747 3989 quartam
773 3941 918 3993 puerorum
942 3930 1060 3980 aetatem
1087 3927 1115 3979 in
1133 3926 1175 3980 his
1204 3927 1235 3980 ti-

95 4009 157 4062 tulis
174 4009 278 4062 invenit
297 4006 409 4071 ,γιαῖδες
426 4010 454 4062 ἐκ
472 4008 605 4062 πάντωνί*
641 4011 694 4066 Sed
712 4028 761 4066 cur
778 4013 991 4083 simplicissimae
1005 4017 1135 4070 Boeckhii
1152 4016 1235 4084 expli-

94 4097 209 4165 cationi,
234 4097 279 4166 qui
306 4096 373 4151 haec
397 4098 530 4151 vocabula
554 4099 658 4168 „lusum
683 4102 804 4155 omnium
831 4103 967 4158 astatum“
991 4105 1143 4174 significare
1168 4105 1233 4168 vult,

94 4183 280 4254 contradicat,
308 4203 363 4239 non
387 4186 528 4256 intelligo,
556 4189 716 4256 praesertim
733 4207 815 4258 quum
838 4209 872 4247 ne
889 4194 973 4248 verbo
990 4193 1099 4260 uiridem
1122 4191 1233 4258 indicet,

93 4287 238 4342 quamnam
256 4273 314 4341 ipse
331 4277 449 4328 aetatem
468 4274 509 4326 his
528 4275 618 4329 verbis
641 4275 819 4348 significatam
837 4280 903 4335 velit
920 4286 948 4335 et
971 4281 1106 4350 quomodo
1125 4280 1233 4334 omnino

94 4364 142 4429 „lx
160 4358 286 4413 animust
305 4369 407 4420 cartam
426 4364 560 4431 quandam
580 4369 697 4419 aetatem
716 4365 868 4436 significare
885 4369 998 4438 possint.
