2984 5036
762 322 802 384 14

206 513 238 576 p.
251 494 304 557 85.
348 487 410 556 Sed
434 488 531 554 etiam
551 489 646 556 buius
668 491 716 554 rei
740 509 824 572 quae
845 493 1019 571 supersunt
1039 488 1226 554 testimonia
1246 487 1356 553 omnia

207 597 249 663 ad
271 594 587 677 inferiora'tempora
607 595 783 682 pertinent.
814 592 897 656 Nam
911 591 1033 658 liberae
1054 590 1250 675 reipublicae
1271 596 1354 656 tem·

88 695 108 728 “
207 697 288 785 pore
319 699 400 764 haec
428 697 536 763 omnia
566 697 762 781 singulorum
784 695 921 763 arbitrio
943 693 1046 779 magis
1069 694 1228 779 permissa
1248 697 1353 772 erant,

207 824 307 888 quum
334 821 439 887 neque
469 805 694 884 praeceptores
724 798 853 884 publiea
875 797 1069 864 auctoritate
1089 789 1354 864 instructi'insti-

126 979 139 1002 Ι
206 910 395 985 tuerentur,
424 924 528 987 neque
552 903 591 967 de
612 903 692 987 ipsis
719 907 1002 973 exercitationibus
1023 906 1094 989 lege
1115 903 1239 987 aliquid
1259 923 1353 986 prae·

106 1030 111 1036 ·
152 1025 155 1032 '
195 1011 364 1094 scriptum
386 1013 485 1072 esset:
514 1006 600 1089 quod
619 1009 766 1091 proximo
786 1017 931 1095 tempore
961 1017 1162 1096 quantopere
1191 1011 1353 1073 mutatum

211 1115 269 1195 sit,
292 1111 378 1176 infra
399 1108 587 1176 uidebimus.

295 1215 405 1281 Etiam
426 1213 460 1279 in
491 1212 592 1278 saeris
626 1212 761 1309 deorum
781 1214 995 1299 celebrandis,
1028 1218 1063 1282 in
1093 1213 1209 1300 quibus
1238 1217 1354 1298 postea

208 1317 350 1403 ephebos
370 1317 491 1400 primas
512 1321 624 1399 partes
645 1315 748 1399 egisse
769 1319 962 1402 videbimus,
998 1320 1059 1386 hoc
1088 1324 1233 1403 tempore
1255 1337 1354 1401 quae.-

208 1443 285 1489 nam
306 1421 427 1486 fuerint
447 1439 572 1484 eorum-
585 1441 720 1485 munera
741 1407 930 1488 accuratius
945 1423 1010 1489 dici
1030 1424 1152 1508 nequit.
1196 1421 1260 1488 Sed
1279 1443 1354 1487 oon-

210 1531 398 1593 sentaneum
422 1527 471 1588 est
493 1521 559 1586 iam
579 1528 657 1590 tune
678 1526 713 1590 in
733 1528 865 1592 summis
887 1534 974 1594 certe
994 1528 1095 1610 festis,
1117 1527 1217 1594 veluti
1235 1525 1354 1610 Diony·

125 1657 127 1662 ’
211 1631 267 1696 siis
279 1628 403 1711 magnis
426 1632 459 1691 et
472 1625 656 1708 Eleusiniis,
679 1628 829 1712 ephebos,
851 1636 889 1695 ut
899 1636 1022 1714 postea,
1045 1635 1187 1696 armatos
1208 1632 1243 1696 in
1263 1651 1354 1715 pom·

100 1803 104 1809 ,
210 1733 260 1818 pis
276 1731 462 1809 incessisse3
482 1727 516 1793 id
531 1731 617 1814 quod
637 1733 923 1802 dePanathenaeis
945 1742 1034 1802 certo
1055 1736 1187 1816 scimus,
1208 1735 1265 1802 ubi
1286 1756 1354 1800 om·

209 1838 286 1902 nino
308 1855 418 1901 omnes
440 1833 524 1898 cives
547 1835 665 1901 armati
686 1859 837 1923 pompam
857 1823 1041 1907 ducebant?
1052 1838 1207 1926 (Thucyd.
1229 1838 1283 1920 VI,
1300 1844 1352 1904 58.

209 1941 311 2008 Meier
332 1940 406 2023 allg.
429 1937 562 2022 Encykl.
590 1939 661 2005 Art.
689 1942 866 2008 Panathen.
896 1965 927 2027 p.
952 1942 1040 2030 290).
1095 1943 1188 2022 Quod
1213 1945 1265 2010 hic
1286 1966 1354 2010 mo·

209 2045 275 2127 nui,
297 2045 381 2128 quia,
403 2040 438 2106 id
460 2041 743 2125 quod'permirum
765 2052 824 2127 est,
846 2048 880 2111 in
902 2036 1007 2114 titulis
1029 2047 1166 2131 proximi
1187 2049 1353 2132 temporis,

211 2170 309 2235 quum
331 2147 395 2212 alia
416 2144 517 2211 multo
539 2145 672 2212 minoris
694 2151 850 2218 momenti
861 2172 955 2218 sacra
976 2158 1213 2233 recenseantur,
1235 2152 1275 2218 de
1295 2152 1355 2218 illa

210 2271 330 2338 pompa
357 2269 398 2315 ne
424 2248 522 2315 verbo
555 2251 685 2336 quidem
709 2255 830 2320 mentio
859 2253 897 2320 fit
911 2255 963 2339 ¹5).
1009 2253 1106 2321 cuius
1136 2256 1184 2321 rei
1205 2247 1354 2340 equidem

209 2374 484 2438 causam1gnoro.

212 2495 419 2510 W

284 2562 326 2632 13)
344 2560 415 2615 Nam
439 2560 500 2612 oct.
527 2559 609 2614 inser.
640 2562 656 2615 5
683 2577 708 2615 v.
733 2564 749 2614 3
774 2563 865 2614 utrum
892 2564 968 2616 recte
994 2561 1163 2616 Cumanudss
1188 2563 1356 2632 suppleverit

210 2645 455 2720 [Ια]ναθην[αίοι]ς,
473 2653 870 2716 neene,nequaquamce1tum
889 2653 938 2718 est,
956 2650 1117 2720 praesertim
1130 2668 1212 2719 quum
1229 2651 1355 2705 omnibus

209 2742 319 2810 praeter
336 2736 389 2789 hoc
405 2734 567 2790 vocabulum
584 2734 680 2788 deletis
699 2753 830 2806 quaenam
848 2736 930 2793 fucrit
947 2738 1003 2794 eius
1021 2738 1076 2794 loci
1092 2738 1227 2794 sententia
1242 2753 1355 2810 prorsus

209 2827 376 2898 ignoremus:
395 2827 537 2892 praeterea
553 2841 579 2879 v.
598 2839 658 2894 cap.
676 2823 716 2881 IV
731 2823 756 2894 ἓ.
777 2828 793 2879 2
812 2825 845 2880 A.
864 2828 890 2880 7.
