2984 5036
611 1123 740 1192 1³le
770 1124 938 1192 PRIOR.

266 1269 337 1352 DE
367 1269 600 1354 EPHEBIS
630 1270 865 1354 LIBERAE
904 1267 1282 1354 REIPUBLIOAE.

729 1469 756 1552 q.
788 1469 815 1528 1.

289 1577 455 1663 Ephebiae
485 1597 602 1644 nomen
632 1584 665 1644 et
699 1571 884 1645 institutum
921 1576 1008 1661 apud
1038 1576 1162 1642 Atticos
1196 1574 1351 1658 antiquos

83 1679 85 1684 ’
203 1683 382 1751 arctissime
405 1703 478 1748 cum
501 1681 631 1747 civitate
653 1687 686 1748 ot
708 1681 804 1748 rebus
825 1679 964 1765 publicis
985 1683 1189 1767 conjunctum
1210 1679 1282 1745 fuit.

291 1787 420 1853 Scilicet
442 1786 558 1853 civium
573 1787 754 1852 Atticorum
775 1787 843 1868 filii,
866 1807 975 1870 quum„
987 1785 1274 1868 duodevigesimum
1297 1805 1351 1848 ae-

203 1892 282 1957 tatis
305 1912 425 1957 annum
446 1896 579 1976 agerent
591 1893 631 1976 ¹),
654 1912 737 1975 quae
760 1898 851 1957 aetas
874 1911 971 1974 saepe
993 1889 1192 1974 significatur
1211 1888 1352 1955 formula

203 1994 261 2061 illa
283 2015 303 2059 a
325 1995 434 2060 multis
456 1995 539 2060 male
561 1995 724 2061 intellecta
751 1994 903 2068 ἐπιδίετες
923 1991 1056 2078 ἡβῆσαι,
1085 1993 1133 2058 ita
1161 1998 1198 2057 ut
1220 1990 1280 2077 ἥβη
1302 1992 1351 2056 in·

175 2095 176 2100 ’
204 2096 302 2182 cipiet
324 2096 366 2163 ab
389 2117 473 2162 anno
486 2101 577 2162 sexto
592 2096 725 2179 decimo,
748 2097 782 2161 in
803 2097 917 2163 civium
933 2118 1101 2162 numerum
1122 2096 1244 2180 recepti
1264 2101 1350 2160 sunt.

205 2200 298 2278 Quod
319 2201 368 2267 ita
388 2193 489 2266 fiebat
509 2206 546 2266 ut
567 2206 641 2284 post
663 2199 888 2284 probationem
908 2200 1070 2284 legitimae
1093 2198 1352 2292 originisv(dom-

204 2309 316 2388 μασια)
338 2324 359 2369 a
380 2303 517 2370 demotis
537 2303 722 2369 institutam
743 2305 777 2369 in
797 2304 928 2370 tabulas
950 2304 1094 2387 publicas
1117 2305 1164 2389 (ed
1188 2302 1352 2388 ληξιαρχι-

205 2409 264 2472 κὸν
283 2409 512 2493 γραμματεῖον)
536 2408 621 2473 demi
642 2411 710 2494 ejus
732 2408 775 2474 ad
789 2429 885 2493 quem
907 2409 1118 2493 pertinerent,
1139 2402 1352 2473 inscriberen-

205 2519 268 2579 tur.
302 2513 381 2579 Post
402 2513 485 2578 hanc
505 2513 748 2596 inscriptionem
757 2514 785 2599 2)
808 2535 891 2598 quae
914 2512 1067 2586 fiebate'o
1084 2512 1145 2593 die,
1167 2532 1231 2595 quo
1253 2512 1352 2576 etiam

124 2591 193 2709 Es
205 2638 264 2702 per
286 2617 427 2701 singidos
461 2615 573 2711 dqmos
606 2617 815 2700 magistratus
847 2615 1047 2702 eligebantur
1081 2614 1352 2702 (doxasgeotas)³)

279 2804 303 2872 1)
322 2805 364 2858 De
384 2803 436 2858 hac
459 2801 589 2870 temporis
611 2800 766 2855 definitione
791 2805 853 2870 post
879 2801 1046 2856 Boeekhium
1069 2803 1102 2857 A.
1120 2801 1293 2870 Schaeferus,
1318 2801 1352 2856 de

206 2891 390 2946 Demosthene
414 2897 467 2946 etc.
491 2891 545 2945 vol.
563 2889 612 2960 ΠΙ,
632 2894 658 2944 2.
675 2909 703 2960 p.
715 2893 749 2946 19
765 2907 824 2959 sqq.
842 2889 881 2944 ita
895 2891 967 2961 egit,
989 2895 1020 2946 ut
1037 2891 1092 2945 iam
1109 2891 1177 2944 nihil
1196 2890 1274 2944 dubii
1290 2890 1353 2944 reli·

207 2984 284 3034 ctum
301 2979 344 3033 sit.
379 2981 513 3038 Idunum
530 2996 585 3034 non
603 2980 668 3034 satis
685 2982 799 3042 constat,
819 2983 911 3033 utrum
929 2979 964 3034 de
981 2979 1113 3050 absoluto,
1130 2984 1161 3034 ut
1178 2979 1273 3034 volunt
1291 2979 1354 3033 Gor·

207 3069 281 3123 sinus
297 3068 330 3122 F.
351 3069 384 3123 A.
401 3068 438 3135 11,
461 3071 564 3138 pais.
599 3063 712 3124 Voemel
730 3067 835 3123 Ztschr.
860 3068 878 3122 f.
902 3068 1019 3122 Alterth.
1036 3067 1201 3123 Wissensoh.
1228 3069 1306 3122 1846.
1324 3084 1353 3137 p.

210 3160 270 3228 126,
290 3174 325 3212 an
335 3156 369 3211 de
378 3157 446 3210 inito
459 3156 679 3226 duodesigesimo
690 3172 761 3210 enno
781 3154 917 3222 (Scheefer
925 3174 953 3224 p.
964 3156 1018 3226 35.)
1037 3157 1213 3226 cogitandum
1222 3156 1271 3224 sit;
1288 3173 1353 3210 uam

208 3245 335 3300 cohaeret
353 3245 421 3300 hacc
447 3243 567 3313 quaestio
591 3261 653 3298 cum
680 3243 883 3298 intricatissima
906 3245 959 3298 illa'
974 3263 1043 3314 quse
1067 3251 1109 3300 est
1128 3246 1162 3301 de
1180 3263 1250 3300 anno
1270 3244 1353 3300 natali

208 3333 407 3389 Demosthenis.
443 3331 472 3386 Si
490 3333 562 3386 enim
579 3331 651 3386 hunc
668 3331 801 3386 Dexitheo
825 3331 954 3386 archonte
973 3333 1026 3398 (01.
1043 3337 1086 3404 98,
1099 3335 1127 3405 4)
1144 3340 1238 3390 netum
1261 3335 1353 3389 statui-

208 3439 284 3492 mus,
309 3422 338 3476 id
360 3422 433 3490 quod
454 3421 718 3492 Pseudoplutsrehus
741 3423 771 3476 in
794 3421 856 3476 vitis
880 3421 976 3476 decem
995 3427 1133 3478 oratomm
1150 3423 1249 3493 tradit,
1272 3440 1353 3492 quum

208 3511 268 3581 ipse
286 3509 336 3578 (or.
355 3513 399 3565 30.
417 3509 442 3580 ἓ.
459 3513 501 3565 17.
519 3511 554 3565 cs.
571 3510 685 3566 Voemel
699 3510 719 3564 1.
736 3510 765 3580 1.)
784 3509 968 3579 Cephisodoro
993 3512 1124 3567 archonte
1148 3529 1177 3566 se
1194 3512 1353 3582 inscriptum

209 3599 291 3670 dicat,
309 3599 499 3654 usi-minimum
516 3599 766 3668 duodevigesimum
781 3614 882 3650 annum
899 3598 1060 3667 absolverat,
1078 3616 1141 3653 cum
1152 3599 1351 3655 inscriberetur.

281 3687 308 3757 2)
326 3687 480 3743 Voemelius
498 3688 517 3742 l.
530 3687 549 3742 l.
567 3705 596 3756 p.
609 3690 670 3742 123.
687 3686 890 3756 inscriptionem
905 3701 963 3757 pose
979 3689 1163 3744 iusiurandum
1179 3689 1280 3744 fecmm
1298 3705 1354 3742 esse

209 3775 290 3844 dicit,
317 3775 409 3829 nescio
434 3793 487 3844 qua
510 3776 546 3831 de
570 3794 660 3832 causa.
695 3776 763 3830 Mihi
780 3780 862 3847 certe,
880 3795 1033 3848 quanquam
1061 3778 1096 3833 de
1111 3777 1162 3832 hae
1179 3794 1210 3831 re
1226 3776 1294 3830 nihil
1311 3793 1353 3830 cx·

135 3894 136 3897 ¹
209 3879 303 3934 presse
320 3863 420 3918 dicitur
438 3864 605 3934 abantiquis
623 3865 814 3935 scriptoribus,
839 3871 931 3922 tamen
955 3885 1049 3922 eorum
1067 3867 1121 3922 loci
1136 3865 1220 3934 (velut
1239 3866 1353 3936 Lyeurg.

210 3954 305 4010 Leocr.
323 3952 349 4023 §.
367 3952 421 4022 76.)
439 3953 576 4022 mugisse
594 3953 693 4006 ducere
710 3953 852 4026 videntur,
878 3961 909 4011 ut
934 3957 1009 4026 prius
1039 3957 1183 4027 inscriptos
1209 3971 1269 4011 esee
1284 3956 1353 4010 iuve-

211 4059 272 4108 nes,
290 4041 388 4097 deinde
405 4040 507 4094 iurasse
523 4046 681 4094 statuamus.

284 4132 311 4201 8)
329 4146 382 4199 quo
405 4133 528 4198 tempore
551 4129 604 4184 hoc
629 4130 730 4185 iactum
744 4131 794 4200 sit,
819 4150 870 4202 pro
895 4137 971 4188 certo
989 4132 1046 4186 diei
1061 4133 1164 4202 nequit.
1199 4132 1353 4187 Seheeferus

210 4236 239 4288 p.
258 4222 302 4275 29.
320 4211 370 4273 sub
388 4218 477 4287 ipsum
494 4219 558 4274 enni
575 4218 657 4274 finem
675 4223 722 4273 eut
738 4219 810 4274 intra
826 4221 880 4276 duo
903 4221 1005 4292 primos
1022 4220 1186 4290 insequentis
1203 4220 1267 4276 suni
1283 4237 1353 4275 meu·

212 4325 253 4366 ses
271 4303 374 4366 factum
391 4326 449 4365 esse
466 4308 609 4380 probabile
625 4306 725 4363 reddit.
