2984 5036
663 327 703 386 69

279 506 344 570 τοῖς
363 493 516 578 ἐμπόροις
537 495 706 580 πρόςρησις
728 494 814 557 ἔσται
837 483 1003 570 composi

280 597 354 674 τούς
374 599 400 662 τ’
420 598 613 672 ἐκπλέοντας
632 589 833 673 ελςπλιόντᾶς
854 597 879 658 τ’
901 595 1018 679 ὄψεται
1047 587 1050 594 ’

279 700 432 783 χώπόταν
453 695 564 784 ἅμιλλ’
586 699 606 790 ᾗ
627 704 690 765 τῶν
714 703 796 764 νεῶν
817 697 983 760 &adserunt
1047 713 1054 748 ι’
1150 717 1152 725 ’

195 825 284 903 Quae
306 823 451 906 quamvis
468 823 503 888 in
526 821 762 888 universumde
785 819 941 885 eiusmodi
963 817 1047 883 ludis
1068 817 1108 882 in·
1116 817 1248 882 Piraeeo
1318 902 1324 912 ⁴

107 932 188 996 actis
211 927 381 1020 dicuntur,
414 932 523 992 tamen
541 929 646 1016 ⁴multo
672 926 837 992 meliorem
866 927 899 988 et
921 923 1079 1006 aptiorem
1113 919 1249 986 existere

106 1039 185 1116 puto
208 1031 421 1111 sententiam,
456 1032 484 1096 si
506 1035 604 1114 poeta
626 1029 850 1118 Themistoclis
883 1025 1044 1092 tumulum
1063 1047 1130 1112 ¹eos
1161 1026 1249 1108 ipsos

105 1136 198 1202 ludos
222 1140 369 1218 spectare
390 1133 496 1215 dicat,
532 1135 649 1218 quibus
671 1131 864 1199 immortalis
898 1131 965 1196 eius
987 1130 1122 1194 victoria
1152 1149 1172 1193 a
1194 1138 1250 1211 pol

106 1240 200 1304 steris
214 1238 448 1305 celebrabatur.
485 1237 592 1315 Quare
607 1240 713 1305 nescio
728 1259 771 1302 an
792 1236 874 1301 haec
887 1235 972 1300 ratio
983 1231 1194 1316 praeferenda
1207 1233 1249 1297 sit

106 1343 135 1408 ei
158 1363 256 1426 quam
269 1341 429 1425 Sauppius
447 1341 530 1423 iniit,
555 1343 595 1408 de
611 1343 707 1408 inser.
719 1339 856 1406 Panath.
870 1361 901 1423 p.
918 1342 968 1418 10,
992 1335 1249 1422 quumPlatonis

105 1447 205 1512 rerba
226 1429 269 1511 de
287 1445 523 1512 Panathenaeis
545 1445 754 1532 intelligenda
776 1443 909 1509 diceret.
952 1439 1089 1508 Videtur
1108 1461 1184 1506 vero
1197 1439 1250 1504 hic

106 1571 175 1614 mos
203 1535 306 1633 usque
335 1550 378 1614 ac
404 1551 642 1633 imperatorum
669 1551 901 1634 Romanorum,
918 1549 1065 1629 tempora
1088 1545 1250 1609 vmansisse

107 1653 203 1740 (Ἆρχ.
231 1655 285 1738 ἐφ.
310 1675 386 1739 περ.
415 1658 448 1716 Β
469 1653 608 1740 &9:199
639 1649 928 1738 νανμαχ[η’σαντες]
953 1650 1129 1730 Μουνύχια
1159 1663 1250 1711 ouve-

107 1759 388 1843 πεφανώθησαν).
812 1760 815 1766 ’
834 1793 838 1804 ·
1065 1835 1068 1842 1

197 1865 246 1926 13.
290 1859 438 1943 Denique
461 1859 621 1924 etiamen
645 1879 727 1941 quae
747 1859 782 1922 in
794 1856 955 1924 nonnullis
978 1855 1081 1922 titulis
1097 1857 1130 1941 (2
1153 1877 1181 1920 v.
1200 1858 1248 1919 18.

109 1972 137 2046 3,
161 1971 213 2030 27.
236 1970 266 2049 4,
293 1969 346 2050 17)
366 1966 527 2045 dicuntur,
551 1962 691 2046 ephebos
714 1957 996 2030 duabusnavibus
1018 1957 1060 2027 ad
1081 1966 1250 2043 tropaeum

107 2070 255 2136 devectos
279 2089 350 2134 esse
371 2069 481 2152 ibique
503 2068 577 2133 Ioot
601 2067 747 2149 Tropaea
772 2087 865 2152 sacra
884 2067 1014 2159 secisse,
1042 2067 1113 2132 iure
1135 2065 1250 2130 Guma-

106 2174 208 2240 nutles
231 2174 274 2239 ad
295 2173 383 2238 illud'
397 2178 568 2256 tropaeum
589 2171 740 2237 retulisse
761 2171 897 2253 videtur,
922 2171 1017 2256 quod'
1031 2170 1126 2256 Paus.
1149 2169 1173 2251 I,
1199 2173 1259 2252 36,

112 2282 127 2341 1
151 2277 186 2341 in
199 2276 302 2342 *litore
325 2275 495 2366 Salaminis
518 2275 659 2358 positum
678 2273 777 2362 fuisse
797 2279 947 2360 testatur.
1208 2277 1210 2284 ’

198 2382 247 2443 14.
291 2378 415 2443 Eodem
443 2377 538 2443 modo
570 2379 667 2444 etiarn
696 2375 926 2444 Marathoniae'
948 2378 1102 2445 victoriae
1132 2397 1250 2442 memo·

107 2482 190 2548 riam
210 2482 247 2547 in
267 2467 348 2566 ipso,¹
372 2497 442 2566 quo¹
458 2501 568 2568 pugna
588 2483 676 2547 facta
689 2488 768 2564 erat,
790 2481 872 2563 loco,
895 2481 1080 2570 solemniter
1095 2481 1251 2546 recultam

108 2607 179 2652 esse
206 2586 328 2652 indicat
354 2587 451 2651 inser.
476 2591 515 2667 2,
539 2591 580 2651 69
603 2587 720 2670 ἤγαγεν
748 2585 785 2648 δὲ
807 2589 860 2652 καὶ
882 2587 936 2650 lut
964 2586 998 2648 τὸ
1023 2585 1090 2670 [λ]μ
1112 2585 1251 2670 Μ[αρα-

107 2696 196 2758 &aivi
225 2693 476 2778 πολυανδρεῖον,
508 2693 528 2757 ὃ
552 2693 795 2778 ἓστεφ]α’νωσαν
821 2697 875 2756 καὶ
903 2692 1055 2778 ἒνήγισαν
1083 2703 1149 2767 τοῖς
1170 2694 1249 2756 κατὰ

107 2797 251 2881 πόλεμον
271 2796 492 2882 τελευτήσασιν
512 2795 593 2882 ὑπὲρ
616 2801 669 2882 τῆς
690 2797 879 2882 ἐλευθερίας
892 2797 947 2882 ¹⁹).
991 2797 1056 2862 Eos
1078 2798 1172 2877 enim,
1196 2797 1251 2880 qui

106 2902 299 2968 Marathone
321 2903 521 2982 ceciderant,
551 2903 638 2988 solos
662 2923 700 2967 ex
723 2902 871 2968 omnibus
893 2901 1025 2986 proprio
1048 2899 1195 2983 sepulcro
1217 2901 1252 2966 in

106 3009 180 3091 ipso
202 3024 328 3090 pugnae
349 3005 421 3072 loco
444 3005 590 3072 conditos
614 3007 802 3072 essePaus.
825 3005 856 3097 1,
879 3001 937 3088 29,
961 3011 991 3071 4.
1017 3009 1074 3088 32,
1095 3010 1117 3070 Ι2
1141 3005 1250 3071 refert.

108 3111 208 3176 (iuius
230 3109 347 3176 tumuli
360 3111 544 3176 etiamnunc
555 3109 713 3195 reliquiae
736 3131 904 3194 superesse
926 3111 1075 3177 videntur
1087 3111 1252 3196 (Bursian,

108 3215 313 3300 Geographie
334 3237 363 3282 v.
386 3213 566 3304 Griechenl.
590 3213 607 3280 I
627 3238 658 3299 p.
683 3217 770 3302 337).
890 3217 892 3222 '

174 3323 247 3384 ·15.
290 3319 384 3397 ⁴Quae
410 3319 507 3384 inscr.
544 3321 615 3385 lv.
639 3324 681 3384 29
711 3318 864 3404 leguntur
894 3321 949 3381 real
979 3319 1016 3410 τῇ
1045 3322 1159 3408 πομπῇ
1189 3323 1253 3381 τῶν

107 3421 259 3506 μεγάλων
280 3427 372 3486 θεῶν
392 3419 584 3507 ἐποιήσαντο
605 3422 639 3488 τὸ
664 3471 673 3490 ,
699 3473 707 3488 .
731 3468 740 3486 .
762 3423 876 3507 (etiam
891 3427 923 3502 ¹4,
950 3424 989 3487 18
1012 3420 1116 3488 simile
1127 3422 1251 3506 aliquid

104 3528 265 3620 scriptum
285 3511 386 3592 luisse
406 3525 560 3613 videtur),
583 3547 623 3592 ea
644 3527 788 3610 quamvis
811 3547 863 3592 res
886 3549 951 3592 non
971 3527 1066 3610 plane
1089 3532 1178 3592 certa
1199 3527 1250 3606 sit,

108 3639 219 3698 tamen
242 3617 365 3696 summa
386 3653 459 3697 oum
480 3629 759 3698 verisimilitudine
782 3632 824 3697 ad
837 3631 1011 3697 Dioscuros
1033 3631 1148 3712 refero,
1171 3653 1274 3715 quos·

110 3737 144 3801 in
177 3756 261 3820 pago
293 3732 436 3818 Cephalo
466 3733 508 3800 ab
539 3734 790 3800 Atheniensibus
822 3733 973 3817 μεγάλων
1003 3737 1094 3796 θεῶν
1124 3736 1252 3799 nomine

109 3841 212 3907 cultos
234 3841 329 3906 Paus.
346 3839 372 3920 I,
397 3843 449 3922 31,
475 3843 491 3902 1
514 3845 638 3945 narrat.
683 3839 807 3905 Horum
829 3840 913 3905 enim
937 3859 1030 3904 sacra
1051 3837 1101 3906 vel
1114 3840 1252 3904 maxime

183 4108 225 4177 19)
244 4105 400 4176 Μαραθῶνι
416 4111 497 4163 acute
515 4109 633 4164 coniecit
651 4108 836 4178 Cumanudcs3
852 4109 901 4164 sed
918 4109 947 4162 in
965 4109 1003 4162 eis
1021 4127 1090 4178 quae
1109 4113 1254 4176 sequuntur

108 4196 217 4265 supplet
233 4193 378 4264 τρόπαιον,
402 4197 476 4264 quod
494 4213 544 4266 per
563 4213 593 4251 so
610 4213 696 4265 aeque
713 4203 807 4266 aptum
831 4201 977 4266 propterea
994 4197 1062 4250 mihi
1086 4195 1175 4249 minus
1193 4213 1253 4264 pro-

108 4285 203 4353 batur,
231 4283 304 4351 quod
321 4283 350 4336 in
367 4283 487 4339 eiusdem
504 4286 579 4340 tituli
596 4286 741 4356 plebiscito
767 4287 859 4356 priore
876 4285 924 4340 ubi
950 4283 985 4338 de
1003 4283 1099 4338 eadem
1116 4279 1146 4337 re
1164 4285 1254 4354 agitur

108 4393 134 4430 v.
153 4375 190 4428 26
207 4389 266 4442 sqq.
284 4371 415 4441 seriptum
443 4378 485 4427 est
507 4373 733 4446 παραγενόμενον
757 4375 785 4428 et
803 4373 858 4442 [ent
875 4373 913 4442 τὸ]
933 4373 1129 4440 πολιανδρεῖον
1145 4373 1255 4441 toreuti-

115 4476 206 4514 νωσιιν
224 4459 270 4514 nul
287 4460 415 4531 ἔνὴγισαν
432 4463 482 4514 κτλ.
