2984 5036
803 284 842 348 18

251 453 439 520 multisunt
462 453 627 537 (XXXVII
654 457 688 521 in
708 457 804 522 inscr.
828 462 856 522 3.
880 457 969 522 XVII
995 458 1092 522 inser.
1115 460 1145 520 4.
1167 456 1213 521 XI
1243 457 1277 522 in
1302 461 1330 521 1.
1351 461 1400 540 ὃ).

195 603 197 608 ,
253 562 374 627 Contra
398 559 432 626 O.
454 562 480 627 I.
503 557 565 627 'Gn
591 567 664 627 284.
691 563 884 648 adscriptitii
913 565 1028 630 civium
1059 583 1225 628 numerum
1257 563 1325 628 fere
1348 583 1402 628 ae·
1436 643 1440 650 ,

254 667 436 751 quiparant,
461 665 576 730 Orth
597 687 628 749 p.
644 671 706 730 522
730 689 799 750 sqq.
822 689 897 732 vero
921 670 1059 751 quinque
1082 674 1115 733 et
1135 667 1344 750 septuaginta
1358 667 1402 731 ci·

208 781 219 802 ·’
254 770 346 835 vibus
374 775 503 834 centum
529 769 763 853 quinquaginta
792 769 854 836 duo
877 774 1036 856 peregrini
1058 773 1280 838 subiiciuntur.
1327 771 1403 836 Om-

254 877 330 940 nino
352 875 413 939 hoc
444 881 589 956 tempore
616 874 803 958 peregrinos
837 877 878 942 ad
906 878 1103 962 reipublicae
1134 897 1228 943 saera
1253 883 1286 942 et
1307 875 1404 940 ludos

254 980 400 1046 solennes
440 979 596 1043 admissos
628 999 715 1058 esse,
757 980 855 1045 etiam
872 983 958 1046 inde
989 991 1126 1065 apparet
1155 982 1241 1066 quod
1277 980 1404 1044 cam

254 1107 284 1167 p.
301 1087 360 1148 132
384 1105 412 1148 v.
439 1088 488 1147 11.
515 1089 575 1148 134
601 1107 631 1149 v.
647 1089 688 1150 50
703 1107 772 1170 sqq.
797 1091 827 1149 Γ
842 1109 873 1169 p.
901 1089 961 1150 150
982 1107 1011 1150 v.
1039 1091 1087 1150 13.
1112 1091 1162 1166 53,
1185 1085 1242 1151 ubi
1264 1087 1406 1152 victores

255 1189 450 1255 Theseorum
472 1196 694 1272 recensentur,
727 1198 858 1274 praeter
882 1191 987 1257 tribus
1010 1191 1135 1257 Atticas
1162 1193 1258 1257 etiam
1281 1192 1404 1256 inveni-
1475 1255 1476 1268 ,

254 1299 353 1358 untur
374 1295 412 1355 sd
433 1293 468 1355 da
490 1297 552 1355 τῶν
578 1293 689 1359 ἐθνῶν
709 1295 864 1376 τάγματα.

339 1396 476 1461 Prorsus
499 1397 661 1480 singulare
682 1419 757 1463 vero
780 1405 839 1480 est,
863 1399 948 1483 quod
973 1397 1045 1462 Φιλ.
1071 1403 1099 1461 Γ
1113 1421 1144 1482 p.
1160 1403 1223 1463 350
1240 1419 1311 1481 sqq.
1335 1405 1405 1480 qui,

255 1501 369 1564 titulus
392 1499 554 1564 Hadriano
577 1501 706 1566 consule
723 1503 861 1585 scriptus
879 1509 928 1566 est
937 1548 955 1582 ,.
967 1504 1082 1568 ceteris
1105 1501 1237 1585 ephebis
1260 1501 1404 1576 LXXXI,

254 1604 384 1668 nomina
416 1603 667 1688 subiunguntur,
710 1606 827 1688 quibus
860 1607 1112 1689 superscriptum
1152 1613 1201 1672 est
1238 1605 1405 1690 Μιλήσιοι.

258 1707 347 1784 Quae
370 1727 421 1773 res
441 1709 579 1790 primum
601 1712 637 1771 ut
659 1708 736 1772 mihi
759 1709 885 1773 videtur
907 1710 1074 1791 aptissima
1102 1715 1151 1774 est
1173 1710 1214 1776 ad
1236 1710 1273 1774 L.
1296 1709 1405 1775 Rossii

256 1813 457 1888 sententiam,
481 1812 534 1894 qui
547 1812 600 1896 (de
612 1811 711 1876 demis
728 1813 824 1897 μ42)
841 1812 986 1878 Miletum
1002 1813 1128 1878 demum
1149 1815 1289 1880 Atticum
1304 1817 1406 1882 luisse

260 1916 456 2000 gravissimis
480 1915 674 1999 argumentis
691 1915 843 1982 adhibitis
859 1919 986 1982 omnino
998 1919 1125 2001 negavit
1140 1919 1404 1986 confirmandam.

256 2018 377 2084 Deinde
389 2025 505 2098 autem,
530 2039 627 2100 quum
640 2019 737 2082 etiam
758 2039 797 2084 ex
817 2019 889 2084 aliis
903 2021 1006 2085 titulis
1021 2021 1244 2104 intelligamus,
1267 2025 1406 2107 impera·

257 2143 364 2203 torum
386 2128 494 2200 aetate
516 2120 693 2203 permultos
714 2121 856 2187 Milesios
870 2123 1004 2188 Athenis
1027 2124 1200 2208 degisse⁵)‚
1223 2132 1336 2192 nostra
1356 2128 1406 2194 in·

180 2261 185 2268 ·
257 2227 399 2309 scriptio,
423 2226 541 2308 quippe
563 2225 620 2290 uhi
633 2233 705 2289 'non
727 2247 798 2290 cum
821 2228 936 2291 ceteris
958 2229 1136 2310 peregrinis
1159 2231 1404 2315 coniungantur,

258 2330 315 2396 sed
339 2330 512 2414 separatim
535 2328 717 2409 efferantur,
742 2328 962 2394 demonstrare
984 2329 1127 2409 videtur,
1151 2333 1248 2397 etiam
1270 2333 1407 2400 Athenis

258 2441 311 2514 (ut
333 2433 484 2518 Aegialus
506 2438 539 2498 et
553 2429 679 2497 Minoae
702 2433 735 2496 in
759 2432 864 2498 insula
880 2433 1017 2516 Amorgo
1039 2434 1159 2499 factum
1183 2456 1253 2502 esse
1275 2438 1407 2504 demon-

259 2544 342 2612 strat
363 2538 497 2602 Rossius
519 2536 540 2599 l.
559 2535 598 2618 1.)
621 2533 760 2600 Milesios
790 2538 954 2619 propriam
986 2538 1147 2620 quandam
1176 2540 1334 2605 coloniam
1356 2545 1408 2608 vel

258 2643 420 2714 civitatem
441 2646 567 2704 retento
590 2641 717 2722 patriae
731 2642 858 2704 nomine
873 2642 1094 2706 constituisse:
1117 2663 1274 2726 quaeres
1297 2651 1406 2712 tamen
1470 2681 1473 2690 ·

260 2767 324 2810 non
346 2746 401 2809 diu
423 2745 579 2808 mansisse
602 2744 737 2808 videtur.
1420 2797 1424 2804 .

347 2855 377 2913 2.
422 2848 592 2930 Dispertiti
624 2847 753 2912 fuerunt
787 2847 900 2930 ephebi
932 2849 966 2912 in
1000 2851 1217 2934 συστρέμματα
1259 2848 1347 2935 (wat.
1376 2858 1411 2912 A

260 2957 368 3036 pusssst
390 2957 461 3017 n.3.
486 2951 520 3016 O.
536 2953 561 3016 Ι.
585 2951 640 3016 Gr.
655 2957 717 3015 274
730 2952 762 3034 b]
784 2952 900 3035 quibus
922 2953 1131 3035 praefuerunt
1153 2954 1410 3037 αυστρεμματαέρ-

261 3082 314 3139 χαι
338 3057 411 3119 ost.
435 3061 474 3136 Β,
498 3078 528 3138 p.
547 3061 620 3120 429.
646 3059 678 3136 Γ,
702 3061 808 3139 pate.
853 3057 959 3122 Lebas
980 3056 1005 3136 I,
1036 3079 1066 3120 n.
1089 3061 1162 3124 563.
1185 3058 1257 3142 Ἐφ.
1281 3056 1352 3140 aaa
1375 3081 1407 3122 n.

263 3165 346 3226 2831
372 3159 406 3224 G.
430 3159 454 3222 Ι.
480 3157 534 3222 Gr.
559 3159 674 3238 285lss)
698 3179 737 3222 ex
760 3159 890 3241 ephebis
912 3160 991 3241 ipsis
1014 3151 1124 3237 electi,
1148 3161 1232 3244 quod
1256 3159 1329 3225 inde
1351 3183 1409 3244 pa-

261 3273 324 3346 tet,
357 3262 444 3346 quod
473 3268 652 3327 ceterorum
675 3259 870 3345 epheborum
898 3261 1127 3327 commilitones
1150 3261 1213 3329 dici
1235 3263 1338 3328 solent
1360 3263 1410 3346 (ol

267 3419 473 3430 ..α-ι--ι--ὺ-

335 3506 454 3575 5)titu1i
479 3505 646 3560 Milesiorum
673 3506 805 3575 epitaphii
833 3506 906 3575 apud
931 3505 1098 3561 Boeclrhium
1124 3508 1154 3563 O.
1172 3508 1195 3562 1.
1213 3509 1260 3563 Gr.
1278 3513 1332 3564 692
1352 3526 1411 3577 sqq.

265 3598 328 3649 sunt
344 3593 523 3664 quadraginta
541 3593 602 3662 duo,
622 3595 694 3663 apud
711 3595 842 3664 Rangabd
859 3615 887 3650 n.
899 3601 967 3652 1871
986 3615 1045 3667 sqq.
1065 3601 1135 3652 2428
1149 3614 1207 3666 sqq.
1224 3597 1337 3669 triginta
1354 3613 1410 3660 sex,

264 3699 346 3751 quum
364 3699 398 3736 ex
415 3681 527 3751 singulis
546 3681 632 3735 demis
649 3684 778 3752 perpauci
796 3686 896 3738 servati
913 3687 976 3740 sint.

285 3839 288 3845 1
336 3772 363 3840 8)
381 3771 410 3822 in
428 3771 519 3840 lapide
531 3775 572 3825 est
585 3772 740 3826 οΥΟΤΕ..
756 3775 878 3843 ΤΑΡΧΔ,
896 3775 989 3843 inquo
999 3774 1150 3829 Boeckhius
1163 3775 1248 3828 latere
1264 3775 1372 3844 putavit
1386 3775 1413 3824 ol
1475 3769 1476 3802 l

264 3859 457 3928 αττμανάρχαα
476 3861 549 3928 quod
558 3861 720 3914 vocabulum
736 3860 860 3930 equidem
874 3863 903 3915 in
914 3863 1137 3932 'inscriptionibus
1147 3879 1202 3916 non
1211 3863 1310 3930 inveni,
1329 3879 1414 3929 quare

265 3965 321 4001 non
346 3947 442 4000 dubito
466 3947 494 4000 in
517 3948 598 4001 titulo
619 3949 729 4002 omnino
756 3950 927 4019 neghgenter
953 3951 1056 4019 scripto
1080 3967 1212 4021 reponere
1231 3951 1269 4018 o[t
1287 3943 1413 4022 α]τττ[ρ]ε

268 4031 352 4110 [μμα]
363 4029 485 4108 τάρχα[τ.
504 4038 665 4105 praesertim
683 4053 765 4106 quum
783 4039 916 4093 vocabula
932 4038 992 4099 τούς
1009 4038 1054 4106 ὑφ’
1074 4040 1177 4098 ἑαυτοῖς
1195 4039 1360 4106 sormidam
1377 4039 1414 4091 ad
1475 4057 1476 4072 ¹

265 4145 360 4181 munus
386 4126 701 4196 systremmatarcharum
726 4127 829 4196 optime
852 4129 993 4196 quadrent.
1029 4127 1116 4195 Quum
1139 4127 1223 4197 igitur
1240 4126 1356 4181 duorum
1373 4143 1413 4194 sy-

264 4221 453 4270 stremmatum
471 4216 625 4285 catalogum
641 4215 796 4284 habeamus,
815 4231 902 4284 nsque
920 4216 1031 4286 exiguus
1048 4233 1174 4270 numerus
1192 4214 1359 4284 epheborum
1367 4229 1414 4264 ne-

266 4320 318 4373 que
336 4305 435 4358 omissa
455 4305 575 4358 tribuum
592 4306 710 4374 nomina,
727 4305 756 4357 in
773 4305 869 4373 quibus
886 4305 1037 4359 Boeckhius
1057 4304 1183 4364 offendit.
1201 4301 1324 4356 miranda
1342 4305 1413 4355 sunt.
