2984 5036
757 228 825 338 x44

232 446 499 532 ,gymnasiarchos
534 464 575 512 ex
603 445 746 531 ipsorum
772 445 973 529 epheborum
1000 463 1137 510 numeru
1171 443 1269 524 sumi,
1301 443 1391 509 velut

242 550 315 614 Φιλ.
337 554 372 616 A
389 573 421 634 p.
436 554 510 616 522.
534 571 565 616 2.
581 555 609 614 7.
634 555 665 614 Β
684 553 802 633 psus.
819 553 855 612 A
864 570 896 632 p.
910 552 983 614 381.
998 551 1158 613 382284.
1176 551 1250 632 Pp.
1266 553 1389 634 350sq.

242 652 425 739 (ἁνέγραψε
447 699 455 716 .
478 699 486 715 .
508 656 563 716 καὶ
584 653 657 726 τούς
677 651 798 728 ἄλλους
818 654 1227 738 σανεφήβυυς,καθώς
1247 654 1392 736 dropac-

244 756 442 842 osdpgpcav).
487 757 558 824 Hoc
579 757 613 822 in
643 756 703 822 teli
735 755 857 838 officio,
889 756 984 841 quale
1014 756 1095 824 illud
1116 756 1388 836 massmannus,

240 861 417 945 permirum
438 865 504 942 est3
523 860 583 926 'ded
604 861 689 926 idem
711 865 789 926 tnnc
810 861 909 926 etiam
930 863 964 926 in
985 861 1058 926 aliis
1080 862 1278 943 muneribus,
1301 863 1391 929 velut

242 964 525 1049 agonothetarum,
548 964 667 1030 iactum
691 984 761 1031 esse
783 964 970 1030 videbimus.
1016 961 1109 1043 Quod
1130 985 1229 1030 unum
1252 985 1292 1030 ex
1316 987 1389 1049 per·

239 1067 565 1138 munerationum
587 1069 665 1134 mibi
686 1089 757 1135 esse
778 1068 930 1144 videtur,v
944 1088 1028 1151 quae
1048 1067 1289 1150 demonstrent,
1310 1077 1389 1135 tuna

243 1171 341 1236 etiam
363 1171 465 1255 magis
483 1191 585 1255 ,quam
606 1176 706 1236 antea
725 1173 791 1240 iam
812 1171 933 1236 iactum
955 1175 1043 1250 erat,
1073 1170 1270 1252 epheborum
1299 1174 1392 1238 insti·

244 1278 316 1338 tuta
338 1292 358 1337 a
380 1275 518 1358 pristina
538 1274 594 1340 illa
619 1276 778 1358 gravitate
801 1274 1012 1360 degenerasse
1033 1277 1066 1338 et
1081 1273 1115 1338 in
1136 1295 1220 1340 vana
1248 1276 1392 1342 ludibria

244 1376 373 1454 abiisse.

584 1751 588 1758 .
686 1685 727 1740 ΒΘ
752 1565 939 1756 wibrdiiais.
1090 1627 1141 1638 γ’

334 1811 403 1877 lam
424 1810 548 1875 liberae
568 1809 764 1894 reipublicae
785 1817 930 1896 tempore
943 1814 1028 1881 bunc
1042 1815 1267 1901 magistratum
1291 1815 1390 1881 inisse

249 1938 289 1984 ex
322 1915 557 1998 lexicographis
589 1915 784 1999 quibusdam
815 1918 948 1992 scimus.
982 1919 1067 1984 uude
1098 1921 1139 1986 de
1172 1939 1211 1986 eu
1242 1919 1392 2004 exposuit
1462 1935 1463 1950 ¹

247 2020 386 2087 Boeckb.
409 2021 450 2084 de
472 2039 538 2083 oec.
561 2019 650 2102 publ.
671 2018 696 2084 1.
727 2043 757 2103 p.
783 2024 855 2084 337.
907 2011 1020 2107 'Atque
1048 2023 1176 2090 fuerunt
1205 2024 1230 2088 ii
1261 2023 1390 2108 quidem

249 2125 378 2206 decem,
400 2122 517 2207 singuli
529 2144 584 2187 er
600 2123 733 2206 singuiis
754 2123 904 2189 tribubus
926 2125 988 2211 (ita
1005 2128 1185 2194 emendavit
1198 2125 1390 2207 Boeckhius‚
1464 2147 1465 2228 p

251 2249 348 2314 quum
371 2229 525 2311 scriptum
546 2226 662 2291 fuisset
690 2227 724 2291 in
746 2227 850 2311 Etym.
872 2227 916 2294 M.
948 2253 974 2295 s.
996 2253 1024 2295 v.
1056 2231 1155 2298 denos
1187 2251 1227 2296 ex
1257 2230 1391 2314 singulis

249 2332 406 2399 tribubus
429 2329 552 2416 icisse).
608 2330 659 2394 Ad
686 2331 852 2413 antiquum
881 2337 1009 2416 tempus
1040 2334 1100 2400 boc
1134 2335 1296 2418 pertinere
1326 2334 1392 2398 iam

249 2437 392 2504 tribuum
414 2423 568 2501 uumerus
589 2435 725 2517 indicat,
760 2437 944 2520 quanquam
973 2436 1053 2503 nihil
1079 2438 1147 2503 fere
1175 2437 1216 2504 de
1235 2438 1276 2503 iis
1306 2435 1393 2519 apud

250 2550 374 2609 ceteros
397 2543 570 2625 scriptores
592 2539 772 2619 invenitur3
801 2539 891 2605 Dem.
925 2546 975 2622 19,
998 2545 1060 2606 285
1090 2543 1175 2608 enim
1195 2547 1233 2607 nt
1258 2540 1322 2605 huc
1343 2558 1393 2604 re·

173 2645 177 2652 ’
249 2648 391 2713 feramus
411 2643 626 2711 necessarium
648 2646 736 2706 certe
757 2661 822 2706 non
844 2649 903 2726 est,
927 2643 967 2709 de
988 2640 1133 2712 Platonis
1148 2643 1290 2710 Axiocho
1305 2663 1393 2718 vero,

251 2751 308 2816 ubi
330 2752 407 2835 (367
421 2751 463 2832 Α)
486 2769 596 2815 eorum
618 2747 739 2812 mentio
761 2746 798 2812 fit
806 2797 817 2838 ,Ι
835 2769 863 2812 v.
888 2751 1004 2831 supra

336 2854 374 2918 In
396 2853 500 2919 titulis
522 2875 585 2920 non
610 2859 685 2920 ante
706 2851 925 2918 Romanorum
953 2848 1204 2916 dominationem
1225 2849 1392 2916 inveniun-

251 2965 306 3024 tur
326 2959 350 3042 ¹)
373 2957 423 3042 (0.
446 2958 471 3022 Ι.
493 2958 551 3023 Gr.
576 2962 648 3022 262.
674 2959 752 3042 271)
775 2962 912 3040 suntque
933 2960 1003 3020 tum
1025 2971 1153 3038 semper
1173 2973 1230 3020 sex
1252 2975 1324 3018 cum
1345 2959 1396 3018 to·

250 3061 350 3128 tidem
371 3061 669 3154 hyposophronistis
698 3061 750 3149 (0.
771 3060 797 3124 I.
821 3059 877 3125 Gr.
909 3063 983 3122 272.
1007 3059 1080 3122 276.
1110 3055 1188 3120 wsb.
1209 3061 1244 3119 A
1262 3077 1294 3139 p.
1319 3059 1394 3120 384.

255 3170 328 3231 cro.
353 3169 426 3229 sae.
450 3169 482 3226 n
500 3186 532 3247 p.
549 3169 622 3229 ecs.
646 3168 720 3229 raa.
739 3166 774 3226 Τ
789 3186 821 3247 p.
846 3166 926 3248 277..
941 3159 1017 3227 ²444.
1041 3163 1115 3226 553:
1136 3161 1205 3245 up.
1227 3157 1299 3244 0²02.
1320 3181 1394 3242 περ.

252 3271 356 3354 Boio.
383 3269 457 3354 199)
479 3275 612 3352 excepto
634 3290 698 3336 uno
721 3267 816 3333 titulo
840 3266 975 3332 ulcr.
998 3270 1072 3347 277,
1096 3286 1192 3349 quem
1212 3260 1395 3330 Boe'ckhius

252 3363 350 3461 padio
381 3381 457 3459 post
491 3379 552 3438 276
585 3375 753 3439 exaratum
786 3391 857 3438 esse
891 3371 1111 3449 demonstrat,
1150 3367 1207 3433 ubi
1240 3371 1397 3451 quattuor

252 3486 379 3548 emtum
404 3483 489 3544 sunt.
562 3513 564 3517 -
642 3507 645 3514 ⁴
700 3457 702 3470 '

337 3584 473 3650 Munera
502 3579 777 3663 sophronistarum
795 3585 848 3644 'ex
877 3578 948 3662 ipso
985 3576 1113 3642 nomine
1146 3577 1392 3659 cognoscuntur·

252 3689 410 3755 Videntur
431 3707 506 3752 vero
527 3682 775 3778 modestiamet
797 3679 984 3765 pudicitiam
1013 3677 1209 3763 epheborum
1238 3692 1304 3742 non
1325 3680 1395 3740 tuin

251 3793 285 3858 in
308 3780 498 3877 gymnasiis,
519 3787 576 3855 ubi
597 3808 617 3852 a
640 3785 892 3872 gymnasiarchis
914 3783 1118 3867 regebantur,
1141 3802 1237 3867 quam
1256 3782 1290 3845 in
1309 3780 1398 3845 omni

253 3883 319 3963 vita
343 3881 552 3980 quotidiana,
581 3893 720 3957 fortasse
742 3892 841 3958 etiam
861 3889 896 3956 in
917 3889 1043 3974 pompis
1066 3893 1165 3970 atque
1186 3885 1271 3951 ludis
1293 3884 1398 3950 solen·

254 4001 366 4082 nibus,
386 4019 525 4066 curasse.
571 3981 743 4081 Aptissime
765 3983 943 4063 Boeckhius
966 3993 1006 4058 de
1029 3990 1165 4076 ephebia
1186 4011 1218 4074 p.
1232 3993 1273 4054 85
1298 3987 1397 4054 conii-

329 4235 353 4306 1)
372 4233 483 4286 Prorsus
501 4231 536 4285 ab
555 4229 605 4284 hae
624 4227 779 4298 quaestione
796 4226 974 4280 removendus
993 4229 1035 4278 est
1052 4221 1147 4277 titulus
1174 4219 1205 4274 G.
1223 4217 1246 4272 1.
1264 4219 1313 4302 Gr.
1331 4219 1402 4284 214;

256 4321 285 4376 hi
302 4321 488 4391 sophronistae
506 4318 579 4373 anim
597 4316 662 4388 pagi
680 4320 751 4383 sunt,
771 4331 827 4369 non
845 4313 1021 4383 reipublicae,
1039 4309 1227 4380 magistratus,
1247 4305 1400 4361 etomnino

257 4412 291 4465 ab
310 4411 364 4468 illis
382 4408 565 4464 diversissimi.
861 4420 863 4430 ·
